@article {IMO14,
    AUTHOR = {Isaev, A. P. and Molev, A. I. and Ogievetsky, O. V.},
     TITLE = {Idempotents for {B}irman-{M}urakami-{W}enzl algebras and
              reflection equation},
   JOURNAL = {Adv. Theor. Math. Phys.},
  FJOURNAL = {Advances in Theoretical and Mathematical Physics},
    VOLUME = {18},
      YEAR = {2014},
    NUMBER = {1},
     PAGES = {1--25},
      ISSN = {1095-0761},
   MRCLASS = {81R50 (16T25 20C08 81R05)},
  MRNUMBER = {3268233},
MRREVIEWER = {Sonia Natale},
       URL = {http://projecteuclid.org/euclid.atmp/1412953897},
}
@inproceedings {Mor17,
    AUTHOR = {Morrison, Scott},
     TITLE = {A formula for the {J}ones-{W}enzl projections},
 BOOKTITLE = {Proceedings of the 2014 {M}aui and 2015 {Q}inhuangdao
              conferences in honour of {V}aughan {F}. {R}. {J}ones' 60th
              birthday},
    SERIES = {Proc. Centre Math. Appl. Austral. Nat. Univ.},
    VOLUME = {46},
     PAGES = {367--378},
 PUBLISHER = {Austral. Nat. Univ., Canberra},
      YEAR = {2017},
   MRCLASS = {20C08 (57M25 81R10)},
  MRNUMBER = {3635675},
}
@article {LP19,
    AUTHOR = {L\^{e}, Thang T. Q. and Paprocki, Jonathan},
     TITLE = {On {K}auffman bracket skein modules of marked 3-manifolds and
              the {C}hebyshev-{F}robenius homomorphism},
   JOURNAL = {Algebr. Geom. Topol.},
  FJOURNAL = {Algebraic \& Geometric Topology},
    VOLUME = {19},
      YEAR = {2019},
    NUMBER = {7},
     PAGES = {3453--3509},
      ISSN = {1472-2747},
   MRCLASS = {57K31},
  MRNUMBER = {4045358},
MRREVIEWER = {Xin Liu},
       DOI = {10.2140/agt.2019.19.3453},
       URL = {https://doi.org/10.2140/agt.2019.19.3453},
}
@article {Le15,
    AUTHOR = {L\^{e}, Thang T. Q.},
     TITLE = {On {K}auffman bracket skein modules at roots of unity},
   JOURNAL = {Algebr. Geom. Topol.},
  FJOURNAL = {Algebraic \& Geometric Topology},
    VOLUME = {15},
      YEAR = {2015},
    NUMBER = {2},
     PAGES = {1093--1117},
      ISSN = {1472-2747},
   MRCLASS = {57M25 (57M27 57N10)},
  MRNUMBER = {3342686},
       DOI = {10.2140/agt.2015.15.1093},
       URL = {https://doi.org/10.2140/agt.2015.15.1093},
}
@misc{MPS20,
      title={The Kauffman skein algebra of the torus}, 
      author={Hugh Morton and Alexander Pokorny and Peter Samuelson},
      year={2020},
      eprint={1909.11208},
      archivePrefix={arXiv},
      primaryClass={math.QA}
}
@article {Jim86,
    AUTHOR = {Jimbo, Michio},
     TITLE = {A {$q$}-analogue of {$U({\germ g}{\germ l}(N+1))$}, {H}ecke
              algebra, and the {Y}ang-{B}axter equation},
   JOURNAL = {Lett. Math. Phys.},
  FJOURNAL = {Letters in Mathematical Physics. A Journal for the Rapid
              Dissemination of Short Contributions in the Field of
              Mathematical Physics},
    VOLUME = {11},
      YEAR = {1986},
    NUMBER = {3},
     PAGES = {247--252},
      ISSN = {0377-9017},
   MRCLASS = {17B25 (58F07 82A15)},
  MRNUMBER = {841713},
MRREVIEWER = {Nick Yu. Reshetikhin},
       DOI = {10.1007/BF00400222},
       URL = {https://doi.org/10.1007/BF00400222},
}
@book {CP94,
    AUTHOR = {Chari, Vyjayanthi and Pressley, Andrew},
     TITLE = {A guide to quantum groups},
 PUBLISHER = {Cambridge University Press, Cambridge},
      YEAR = {1994},
     PAGES = {xvi+651},
      ISBN = {0-521-43305-3},
   MRCLASS = {17B37 (16W30 81R50)},
  MRNUMBER = {1300632},
MRREVIEWER = {Tomasz Brzezi\'{n}ski},
}
@incollection {Abr08,
    AUTHOR = {Abramsky, Samson},
     TITLE = {Temperley-{L}ieb algebra: from knot theory to logic and
              computation via quantum mechanics},
 BOOKTITLE = {Mathematics of quantum computation and quantum technology},
    SERIES = {Chapman \& Hall/CRC Appl. Math. Nonlinear Sci. Ser.},
     PAGES = {515--558},
 PUBLISHER = {Chapman \& Hall/CRC, Boca Raton, FL},
      YEAR = {2008},
   MRCLASS = {81P68 (57M27 81R50)},
  MRNUMBER = {2422231},
MRREVIEWER = {Jerzy Kr\'{o}l},
}
@article {Luk05,
    AUTHOR = {Lukac, Sascha G.},
     TITLE = {Idempotents of the {H}ecke algebra become {S}chur functions in
              the skein of the annulus},
   JOURNAL = {Math. Proc. Cambridge Philos. Soc.},
  FJOURNAL = {Mathematical Proceedings of the Cambridge Philosophical
              Society},
    VOLUME = {138},
      YEAR = {2005},
    NUMBER = {1},
     PAGES = {79--96},
      ISSN = {0305-0041},
   MRCLASS = {20C08 (05E05 57M27)},
  MRNUMBER = {2127229},
MRREVIEWER = {Masha Vlasenko},
       DOI = {10.1017/S0305004104007984},
       URL = {https://doi.org/10.1017/S0305004104007984},
}
@inproceedings{FH91,
  title={Representation Theory: A First Course},
  author={William Fulton and Joe Harris},
  year={1991}
}
@article {OS19,
    AUTHOR = {Oh, Se-jin and Scrimshaw, Travis},
     TITLE = {Identities from representation theory},
   JOURNAL = {Discrete Math.},
  FJOURNAL = {Discrete Mathematics},
    VOLUME = {342},
      YEAR = {2019},
    NUMBER = {9},
     PAGES = {2493--2541},
      ISSN = {0012-365X},
   MRCLASS = {05E10 (05A30 17B10 20F55)},
  MRNUMBER = {3959676},
MRREVIEWER = {Thomas Britz},
       DOI = {10.1016/j.disc.2019.05.020},
       URL = {https://doi.org/10.1016/j.disc.2019.05.020},
}
@article {Koi89,
    AUTHOR = {Koike, Kazuhiko},
     TITLE = {On the decomposition of tensor products of the representations
              of the classical groups: by means of the universal characters},
   JOURNAL = {Adv. Math.},
  FJOURNAL = {Advances in Mathematics},
    VOLUME = {74},
      YEAR = {1989},
    NUMBER = {1},
     PAGES = {57--86},
      ISSN = {0001-8708},
   MRCLASS = {22E46},
  MRNUMBER = {991410},
MRREVIEWER = {Ronald C. King},
       DOI = {10.1016/0001-8708(89)90004-2},
       URL = {https://doi.org/10.1016/0001-8708(89)90004-2},
}
@article {LZ10,
    AUTHOR = {Lin, Xiao-Song and Zheng, Hao},
     TITLE = {On the {H}ecke algebras and the colored {HOMFLY} polynomial},
   JOURNAL = {Trans. Amer. Math. Soc.},
  FJOURNAL = {Transactions of the American Mathematical Society},
    VOLUME = {362},
      YEAR = {2010},
    NUMBER = {1},
     PAGES = {1--18},
      ISSN = {0002-9947},
   MRCLASS = {57M27 (20C08 81T45)},
  MRNUMBER = {2550143},
MRREVIEWER = {Johannes Walcher},
       DOI = {10.1090/S0002-9947-09-04691-1},
       URL = {https://doi.org/10.1090/S0002-9947-09-04691-1},
}

@article {Ram95,
    AUTHOR = {Ram, Arun},
     TITLE = {Characters of {B}rauer's centralizer algebras},
   JOURNAL = {Pacific J. Math.},
  FJOURNAL = {Pacific Journal of Mathematics},
    VOLUME = {169},
      YEAR = {1995},
    NUMBER = {1},
     PAGES = {173--200},
      ISSN = {0030-8730},
   MRCLASS = {20C30 (20G05)},
  MRNUMBER = {1346252},
MRREVIEWER = {D. Wales},
       URL = {http://projecteuclid.org/euclid.pjm/1102620457},
}

@article {CC12,
    AUTHOR = {Chen, Lin and Chen, Qingtao},
     TITLE = {Orthogonal quantum group invariants of links},
   JOURNAL = {Pacific J. Math.},
  FJOURNAL = {Pacific Journal of Mathematics},
    VOLUME = {257},
      YEAR = {2012},
    NUMBER = {2},
     PAGES = {267--318},
      ISSN = {0030-8730},
   MRCLASS = {57M27},
  MRNUMBER = {2972467},
MRREVIEWER = {Philipp Korablev},
       DOI = {10.2140/pjm.2012.257.267},
       URL = {https://doi.org/10.2140/pjm.2012.257.267},
}

@article {SV13Hilb,
	AUTHOR = {Schiffmann, Olivier and Vasserot, Eric},
	TITLE = {The elliptic {H}all algebra and the {$K$}-theory of the
	{H}ilbert scheme of {$\Bbb A^2$}},
	JOURNAL = {Duke Math. J.},
	FJOURNAL = {Duke Mathematical Journal},
	VOLUME = {162},
	YEAR = {2013},
	NUMBER = {2},
	PAGES = {279--366},
	ISSN = {0012-7094},
	MRCLASS = {19E08 (14C05 14C35 14F05 20C08)},
	MRNUMBER = {3018956},
	MRREVIEWER = {Jens Hornbostel},
	DOI = {10.1215/00127094-1961849},
	URL = {https://doi.org/10.1215/00127094-1961849},
}


@article {Neg15,
	AUTHOR = {Negut, Andrei},
	TITLE = {Moduli of flags of sheaves and their {$K$}-theory},
	JOURNAL = {Algebr. Geom.},
	FJOURNAL = {Algebraic Geometry},
	VOLUME = {2},
	YEAR = {2015},
	NUMBER = {1},
	PAGES = {19--43},
	MRCLASS = {14J60 (14D21 14F05 19E08)},
	MRNUMBER = {3322196},
	MRREVIEWER = {P. E. Newstead},
	DOI = {10.14231/AG-2015-002},
	URL = {https://doi.org/10.14231/AG-2015-002},
}

@article {EH19,
	AUTHOR = {Elias, Ben and Hogancamp, Matthew},
	TITLE = {On the computation of torus link homology},
	JOURNAL = {Compos. Math.},
	FJOURNAL = {Compositio Mathematica},
	VOLUME = {155},
	YEAR = {2019},
	NUMBER = {1},
	PAGES = {164--205},
	ISSN = {0010-437X},
	MRCLASS = {57M27 (57M25)},
	MRNUMBER = {3880028},
	MRREVIEWER = {Mark Clifford Hughes},
	DOI = {10.1112/s0010437x18007571},
	URL = {https://doi.org/10.1112/s0010437x18007571},
}

@article {FKBL19,
	AUTHOR = {Frohman, Charles and Kania-Bartoszynska, Joanna and L\^{e}, Thang},
	TITLE = {Unicity for representations of the {K}auffman bracket skein
	algebra},
	JOURNAL = {Invent. Math.},
	FJOURNAL = {Inventiones Mathematicae},
	VOLUME = {215},
	YEAR = {2019},
	NUMBER = {2},
	PAGES = {609--650},
	ISSN = {0020-9910},
	MRCLASS = {57M27 (16H05 16S99)},
	MRNUMBER = {3910071},
	MRREVIEWER = {Dylan G. L. Allegretti},
	DOI = {10.1007/s00222-018-0833-x},
	URL = {https://doi.org/10.1007/s00222-018-0833-x},
}

@incollection {Prz92,
	AUTHOR = {Przytycki, J\'{o}zef H.},
	TITLE = {Skein module of links in a handlebody},
	BOOKTITLE = {Topology '90 ({C}olumbus, {OH}, 1990)},
	SERIES = {Ohio State Univ. Math. Res. Inst. Publ.},
	VOLUME = {1},
	PAGES = {315--342},
	PUBLISHER = {de Gruyter, Berlin},
	YEAR = {1992},
	MRCLASS = {57M25},
	MRNUMBER = {1184418},
	MRREVIEWER = {Mark E. Kidwell},
}


@article {LZ02,
    AUTHOR = {Lu, Bin and Zhong, Jianyuan K.},
     TITLE = {The {K}auffman polynomials of generalized {H}opf links},
   JOURNAL = {J. Knot Theory Ramifications},
  FJOURNAL = {Journal of Knot Theory and its Ramifications},
    VOLUME = {11},
      YEAR = {2002},
    NUMBER = {8},
     PAGES = {1291--1306},
      ISSN = {0218-2165},
   MRCLASS = {57M25 (57M27)},
  MRNUMBER = {1949780},
       DOI = {10.1142/S0218216502002244},
       URL = {https://doi.org/10.1142/S0218216502002244},
}


@article {BW16,
	AUTHOR = {Bonahon, Francis and Wong, Helen},
	TITLE = {Representations of the {K}auffman bracket skein algebra {I}:
	invariants and miraculous cancellations},
	JOURNAL = {Invent. Math.},
	FJOURNAL = {Inventiones Mathematicae},
	VOLUME = {204},
	YEAR = {2016},
	NUMBER = {1},
	PAGES = {195--243},
	ISSN = {0020-9910},
	MRCLASS = {57M25 (57M27)},
	MRNUMBER = {3480556},
	MRREVIEWER = {Ilya S. Kofman},
	DOI = {10.1007/s00222-015-0611-y},
	URL = {https://doi.org/10.1007/s00222-015-0611-y},
}

@article {BGLX16,
	AUTHOR = {Bergeron, Francois and Garsia, Adriano and Sergel Leven, Emily
	and Xin, Guoce},
	TITLE = {Compositional {$(km,kn)$}-shuffle conjectures},
	JOURNAL = {Int. Math. Res. Not. IMRN},
	FJOURNAL = {International Mathematics Research Notices. IMRN},
	YEAR = {2016},
	NUMBER = {14},
	PAGES = {4229--4270},
	ISSN = {1073-7928},
	MRCLASS = {05E05 (05E10)},
	MRNUMBER = {3556418},
	MRREVIEWER = {Xinrong Ma},
	DOI = {10.1093/imrn/rnv272},
	URL = {https://doi.org/10.1093/imrn/rnv272},
}
@article {CM18,
	AUTHOR = {Carlsson, Erik and Mellit, Anton},
	TITLE = {A proof of the shuffle conjecture},
	JOURNAL = {J. Amer. Math. Soc.},
	FJOURNAL = {Journal of the American Mathematical Society},
	VOLUME = {31},
	YEAR = {2018},
	NUMBER = {3},
	PAGES = {661--697},
	ISSN = {0894-0347},
	MRCLASS = {05E10 (05E05 33D52)},
	MRNUMBER = {3787405},
	MRREVIEWER = {Tanja Stojadinovi\'{c}},
	DOI = {10.1090/jams/893},
	URL = {https://doi.org/10.1090/jams/893},
}



@article {SV13W,
	AUTHOR = {Schiffmann, O. and Vasserot, E.},
	TITLE = {Cherednik algebras, {W}-algebras and the equivariant
	cohomology of the moduli space of instantons on
	{$\bold{A}^2$}},
	JOURNAL = {Publ. Math. Inst. Hautes \'{E}tudes Sci.},
	FJOURNAL = {Publications Math\'{e}matiques. Institut de Hautes \'{E}tudes
	Scientifiques},
	VOLUME = {118},
	YEAR = {2013},
	PAGES = {213--342},
	ISSN = {0073-8301},
	MRCLASS = {81R10 (14D21 14F43 17B35 17B69 20G20 81T13 81T60)},
	MRNUMBER = {3150250},
	MRREVIEWER = {Andrei D. Halanay},
	DOI = {10.1007/s10240-013-0052-3},
	URL = {https://doi.org/10.1007/s10240-013-0052-3},
}
@article {Sch16,
	AUTHOR = {Schiffmann, Olivier},
	TITLE = {Indecomposable vector bundles and stable {H}iggs bundles over
	smooth projective curves},
	JOURNAL = {Ann. of Math. (2)},
	FJOURNAL = {Annals of Mathematics. Second Series},
	VOLUME = {183},
	YEAR = {2016},
	NUMBER = {1},
	PAGES = {297--362},
	ISSN = {0003-486X},
	MRCLASS = {14H60},
	MRNUMBER = {3432585},
	MRREVIEWER = {Alfonso Zamora},
	DOI = {10.4007/annals.2016.183.1.6},
	URL = {https://doi.org/10.4007/annals.2016.183.1.6},
}


@ARTICLE{Mel17,
	author = {{Mellit}, Anton},
	title = "{Homology of torus knots}",
	journal = {arXiv e-prints},
	keywords = {Mathematics - Quantum Algebra, Mathematics - Algebraic Geometry, Mathematics - Geometric Topology, Mathematics - Representation Theory},
	year = "2017",
	month = "Apr",
	eid = {arXiv:1704.07630},
	pages = {arXiv:1704.07630},
	archivePrefix = {arXiv},
	eprint = {1704.07630},
	primaryClass = {math.QA},
	adsurl = {https://ui.adsabs.harvard.edu/abs/2017arXiv170407630M},
	adsnote = {Provided by the SAO/NASA Astrophysics Data System}
}


@article {GH06,
	AUTHOR = {Goodman, Frederick M. and Hauschild, Holly},
	TITLE = {Affine {B}irman-{W}enzl-{M}urakami algebras and tangles in the
	solid torus},
	JOURNAL = {Fund. Math.},
	FJOURNAL = {Fundamenta Mathematicae},
	VOLUME = {190},
	YEAR = {2006},
	PAGES = {77--137},
	ISSN = {0016-2736},
	MRCLASS = {57M25 (16S99)},
	MRNUMBER = {2232856},
	DOI = {10.4064/fm190-0-4},
	URL = {https://doi.org/10.4064/fm190-0-4},
}
@article {Mur87,
	AUTHOR = {Murakami, Jun},
	TITLE = {The {K}auffman polynomial of links and representation theory},
	JOURNAL = {Osaka J. Math.},
	FJOURNAL = {Osaka Journal of Mathematics},
	VOLUME = {24},
	YEAR = {1987},
	NUMBER = {4},
	PAGES = {745--758},
	ISSN = {0030-6126},
	MRCLASS = {57M25 (20C99 20F36)},
	MRNUMBER = {927059},
	MRREVIEWER = {J\'{o}zef H. Przytycki},
	URL = {http://projecteuclid.org/euclid.ojm/1200780357},
}

@article {Mor02b,
	AUTHOR = {Morton, Hugh R.},
	TITLE = {Skein theory and the {M}urphy operators},
	NOTE = {Knots 2000 Korea, Vol. 2 (Yongpyong)},
	JOURNAL = {J. Knot Theory Ramifications},
	FJOURNAL = {Journal of Knot Theory and its Ramifications},
	VOLUME = {11},
	YEAR = {2002},
	NUMBER = {4},
	PAGES = {475--492},
	ISSN = {0218-2165},
	MRCLASS = {20C08 (57M25)},
	MRNUMBER = {1915490 (2003f:20013)},
	MRREVIEWER = {Hans U. Boden},
	DOI = {10.1142/S0218216502001767},
	URL = {http://dx.doi.org/10.1142/S0218216502001767},
}

@article{Mor10,
  title={A basis for the {B}irman-{W}enzl algebra},
  author={Morton, Hugh R},
  journal={arXiv preprint arXiv:1012.3116},
  year={2010}
}

@article{ZL01,
  title={On the Kauffman skein modules},
  author={Jianyuan K. Zhong and Bin Lu},
  journal={manuscripta mathematica},
  year={2001},
  volume={109},
  pages={29-47}
}

@article{Tur90,
  title={Conway and Kauffman modules of a solid torus},
  author={Turaev, Vladimir G},
  journal={Journal of Mathematical Sciences},
  volume={52},
  number={1},
  pages={2799--2805},
  year={1990},
  publisher={Springer}
}

@article {RJ93,
	AUTHOR = {Rosso, Marc and Jones, Vaughan},
	TITLE = {On the invariants of torus knots derived from quantum groups},
	JOURNAL = {J. Knot Theory Ramifications},
	FJOURNAL = {Journal of Knot Theory and its Ramifications},
	VOLUME = {2},
	YEAR = {1993},
	NUMBER = {1},
	PAGES = {97--112},
	ISSN = {0218-2165},
	MRCLASS = {57M25 (17B37)},
	MRNUMBER = {1209320},
	MRREVIEWER = {Petr Hellinger},
	DOI = {10.1142/S0218216593000064},
	URL = {https://doi.org/10.1142/S0218216593000064},
}

@article {DRV13,
	AUTHOR = {Daugherty, Zajj and Ram, Arun and Virk, Rahbar},
	TITLE = {Affine and degenerate affine {BMW} algebras: actions on tensor
	space},
	JOURNAL = {Selecta Math. (N.S.)},
	FJOURNAL = {Selecta Mathematica. New Series},
	VOLUME = {19},
	YEAR = {2013},
	NUMBER = {2},
	PAGES = {611--653},
	ISSN = {1022-1824},
	MRCLASS = {17B37 (17B10 20C08)},
	MRNUMBER = {3090238},
	MRREVIEWER = {Simon Riche},
	DOI = {10.1007/s00029-012-0105-3},
	URL = {https://doi.org/10.1007/s00029-012-0105-3},
}
@article {DRV14,
	AUTHOR = {Daugherty, Zajj and Ram, Arun and Virk, Rahbar},
	TITLE = {Affine and degenerate affine {BMW} algebras: the center},
	JOURNAL = {Osaka J. Math.},
	FJOURNAL = {Osaka Journal of Mathematics},
	VOLUME = {51},
	YEAR = {2014},
	NUMBER = {1},
	PAGES = {257--283},
	ISSN = {0030-6126},
	MRCLASS = {16S99 (20C08 20F36)},
	MRNUMBER = {3192543},
	MRREVIEWER = {Yongjun Xu},
	URL = {http://projecteuclid.org/euclid.ojm/1396966236},
}

@article {CLLSS18,
	AUTHOR = {Cautis, Sabin and Lauda, Aaron D. and Licata, Anthony M. and
	Samuelson, Peter and Sussan, Joshua},
	TITLE = {The elliptic {H}all algebra and the deformed {K}hovanov
	{H}eisenberg category},
	JOURNAL = {Selecta Math. (N.S.)},
	FJOURNAL = {Selecta Mathematica. New Series},
	VOLUME = {24},
	YEAR = {2018},
	NUMBER = {5},
	PAGES = {4041--4103},
	ISSN = {1022-1824},
	MRCLASS = {18D10 (17B65 20C08 81R10)},
	MRNUMBER = {3874690},
	DOI = {10.1007/s00029-018-0429-8},
	URL = {https://doi.org/10.1007/s00029-018-0429-8},
}
 %Doctoral Dissertations. 804.
@article{She16,
author = {Shelly, Thomas}, 
title = {Skein Theory and Algebraic Geometry for the Two-Variable {K}auffman Invariant of Links},
 year = {2016},
 journal = {Doctoral Dissertation},
url = {https://scholarworks.umass.edu/dissertations_2/804}
}

@article {KT87,
    AUTHOR = {Koike, Kazuhiko and Terada, Itaru},
     TITLE = {Young-diagrammatic methods for the representation theory of
              the classical groups of type {$B\sb n,\;C\sb n,\;D\sb n$}},
   JOURNAL = {J. Algebra},
  FJOURNAL = {Journal of Algebra},
    VOLUME = {107},
      YEAR = {1987},
    NUMBER = {2},
     PAGES = {466--511},
      ISSN = {0021-8693},
     CODEN = {JALGA4},
   MRCLASS = {22E46 (05A17 22E70)},
  MRNUMBER = {885807 (88i:22035)},
MRREVIEWER = {Ronald C. King},
       DOI = {10.1016/0021-8693(87)90099-8},
       URL = {http://dx.doi.org/10.1016/0021-8693(87)90099-8},
}MR885807

@article {BB01,
    AUTHOR = {Beliakova, Anna and Blanchet, Christian},
     TITLE = {Skein construction of idempotents in
              {B}irman-{M}urakami-{W}enzl algebras},
   JOURNAL = {Math. Ann.},
  FJOURNAL = {Mathematische Annalen},
    VOLUME = {321},
      YEAR = {2001},
    NUMBER = {2},
     PAGES = {347--373},
      ISSN = {0025-5831},
     CODEN = {MAANA},
   MRCLASS = {57M27 (16S99 46L65)},
  MRNUMBER = {1866492 (2002h:57018)},
MRREVIEWER = {Richard M. Green},
       DOI = {10.1007/s002080100233},
       URL = {http://dx.doi.org/10.1007/s002080100233},
}MR1866492

@article {BW89,
    AUTHOR = {Birman, Joan S. and Wenzl, Hans},
     TITLE = {Braids, link polynomials and a new algebra},
   JOURNAL = {Trans. Amer. Math. Soc.},
  FJOURNAL = {Transactions of the American Mathematical Society},
    VOLUME = {313},
      YEAR = {1989},
    NUMBER = {1},
     PAGES = {249--273},
      ISSN = {0002-9947},
     CODEN = {TAMTAM},
   MRCLASS = {57M25 (17B99 20F36)},
  MRNUMBER = {992598 (90g:57004)},
MRREVIEWER = {Mark E. Kidwell},
       DOI = {10.2307/2001074},
       URL = {http://dx.doi.org/10.2307/2001074},
}MR992598

@article {IO09,
    AUTHOR = {Isaev, A. P. and Ogievetsky, O. V.},
     TITLE = {Braids, shuffles and symmetrizers},
   JOURNAL = {J. Phys. A},
  FJOURNAL = {Journal of Physics. A. Mathematical and Theoretical},
    VOLUME = {42},
      YEAR = {2009},
    NUMBER = {30},
     PAGES = {304017, 15},
      ISSN = {1751-8113},
   MRCLASS = {16S99 (20F36 81R50)},
  MRNUMBER = {2521336 (2010h:16074)},
MRREVIEWER = {Chelliah Selvaraj},
       DOI = {10.1088/1751-8113/42/30/304017},
       URL = {http://dx.doi.org/10.1088/1751-8113/42/30/304017},
}MR2521336

@article {IO14,
    AUTHOR = {Isaev, A. P. and Molev, A. I. and Ogievetsky, O. V.},
     TITLE = {Idempotents for {B}irman-{M}urakami-{W}enzl algebras and
              reflection equation},
   JOURNAL = {Adv. Theor. Math. Phys.},
  FJOURNAL = {Advances in Theoretical and Mathematical Physics},
    VOLUME = {18},
      YEAR = {2014},
    NUMBER = {1},
     PAGES = {1--25},
      ISSN = {1095-0761},
   MRCLASS = {81R50 (16T25 20C08 81R05)},
  MRNUMBER = {3268233},
MRREVIEWER = {Sonia Natale},
       URL = {http://projecteuclid.org/euclid.atmp/1412953897},
}MR3268233

@article {LZ08,
    AUTHOR = {Lu, Bin and Zhong, Jianyuan K.},
     TITLE = {The {K}auffman polynomials of pretzel knots},
   JOURNAL = {J. Knot Theory Ramifications},
  FJOURNAL = {Journal of Knot Theory and its Ramifications},
    VOLUME = {17},
      YEAR = {2008},
    NUMBER = {2},
     PAGES = {157--169},
      ISSN = {0218-2165},
   MRCLASS = {57M25 (57M27)},
  MRNUMBER = {2398731 (2009d:57011)},
MRREVIEWER = {Mario Eudave Mu{\~n}oz},
       DOI = {10.1142/S0218216508006026},
       URL = {http://dx.doi.org/10.1142/S0218216508006026},
}MR2398731

@article {MR10,
    AUTHOR = {Morton, H. R. and Ryder, N. D. A.},
     TITLE = {Relations between {K}auffman and {H}omfly satellite
              invariants},
   JOURNAL = {Math. Proc. Cambridge Philos. Soc.},
  FJOURNAL = {Mathematical Proceedings of the Cambridge Philosophical
              Society},
    VOLUME = {149},
      YEAR = {2010},
    NUMBER = {1},
     PAGES = {105--114},
      ISSN = {0305-0041},
     CODEN = {MPCPCO},
   MRCLASS = {57M27 (57M25)},
  MRNUMBER = {2651580 (2011f:57020)},
MRREVIEWER = {Sebastian Baader},
       DOI = {10.1017/S0305004110000058},
       URL = {http://dx.doi.org/10.1017/S0305004110000058},
}MR2651580

@article {Mur90,
    AUTHOR = {Murakami, Jun},
     TITLE = {The representations of the {$q$}-analogue of {B}rauer's
              centralizer algebras and the {K}auffman polynomial of links},
   JOURNAL = {Publ. Res. Inst. Math. Sci.},
  FJOURNAL = {Kyoto University. Research Institute for Mathematical
              Sciences. Publications},
    VOLUME = {26},
      YEAR = {1990},
    NUMBER = {6},
     PAGES = {935--945},
      ISSN = {0034-5318},
     CODEN = {KRMPBV},
   MRCLASS = {57M25 (16G10 16K20)},
  MRNUMBER = {1079902 (91m:57004)},
MRREVIEWER = {J. S. Birman},
       DOI = {10.2977/prims/1195170569},
       URL = {http://dx.doi.org/10.2977/prims/1195170569},
}MR1079902

@article {BE09,
    AUTHOR = {Bezrukavnikov, Roman and Etingof, Pavel},
     TITLE = {Parabolic induction and restriction functors for rational
              {C}herednik algebras},
   JOURNAL = {Selecta Math. (N.S.)},
  FJOURNAL = {Selecta Mathematica. New Series},
    VOLUME = {14},
      YEAR = {2009},
    NUMBER = {3-4},
     PAGES = {397--425},
      ISSN = {1022-1824},
     CODEN = {SMATF6},
   MRCLASS = {20C08 (16S80)},
  MRNUMBER = {2511190 (2010e:20007)},
MRREVIEWER = {Gwyn Bellamy},
       DOI = {10.1007/s00029-009-0507-z},
       URL = {http://dx.doi.org/10.1007/s00029-009-0507-z},
}MR2511190

@article {DDS14,
    AUTHOR = {Dipper, R. and Doty, S. and Stoll, F.},
     TITLE = {The quantized walled {B}rauer algebra and mixed tensor space},
   JOURNAL = {Algebr. Represent. Theory},
  FJOURNAL = {Algebras and Representation Theory},
    VOLUME = {17},
      YEAR = {2014},
    NUMBER = {2},
     PAGES = {675--701},
      ISSN = {1386-923X},
   MRCLASS = {17B37 (20C08 20G43)},
  MRNUMBER = {3181742},
MRREVIEWER = {A. Joseph Kennedy},
       DOI = {10.1007/s10468-013-9414-2},
       URL = {http://dx.doi.org/10.1007/s10468-013-9414-2},
}MR3181742

@article {KM92,
    AUTHOR = {Kosuda, Masashi and Murakami, Jun},
     TITLE = {The centralizer algebras of mixed tensor representations of
              {$U_q({\mathfrak gl}_n)$} and the {HOMFLY}
              polynomial of links},
   JOURNAL = {Proc. Japan Acad. Ser. A Math. Sci.},
  FJOURNAL = {Japan Academy. Proceedings. Series A. Mathematical Sciences},
    VOLUME = {68},
      YEAR = {1992},
    NUMBER = {6},
     PAGES = {148--151},
      ISSN = {0386-2194},
     CODEN = {PJAADT},
   MRCLASS = {57M25 (17B37)},
  MRNUMBER = {1179388 (93g:57011)},
MRREVIEWER = {J. S. Birman},
       URL = {http://projecteuclid.org/euclid.pja/1195511749},
}MR1179388

@article {KM93,
    AUTHOR = {Kosuda, Masashi and Murakami, Jun},
     TITLE = {Centralizer algebras of the mixed tensor representations of
              quantum group {$U\sb q({\rm gl}(n,{\bf C}))$}},
   JOURNAL = {Osaka J. Math.},
  FJOURNAL = {Osaka Journal of Mathematics},
    VOLUME = {30},
      YEAR = {1993},
    NUMBER = {3},
     PAGES = {475--507},
      ISSN = {0030-6126},
     CODEN = {OJMAA7},
   MRCLASS = {17B37},
  MRNUMBER = {1240008 (94k:17025)},
MRREVIEWER = {Nicol{\'a}s Andruskiewitsch},
       URL = {http://projecteuclid.org/euclid.ojm/1200784541},
}MR1240008

@article {Wen88,
    AUTHOR = {Wenzl, Hans},
     TITLE = {On the structure of {B}rauer's centralizer algebras},
   JOURNAL = {Ann. of Math. (2)},
  FJOURNAL = {Annals of Mathematics. Second Series},
    VOLUME = {128},
      YEAR = {1988},
    NUMBER = {1},
     PAGES = {173--193},
      ISSN = {0003-486X},
     CODEN = {ANMAAH},
   MRCLASS = {20G05 (16A46 20C15 46L35)},
  MRNUMBER = {951511 (89h:20059)},
MRREVIEWER = {Frederick Goodman},
       DOI = {10.2307/1971466},
       URL = {http://dx.doi.org/10.2307/1971466},
}MR951511

@article {Wen12,
    AUTHOR = {Wenzl, Hans},
     TITLE = {A {$q$}-{B}rauer algebra},
   JOURNAL = {J. Algebra},
  FJOURNAL = {Journal of Algebra},
    VOLUME = {358},
      YEAR = {2012},
     PAGES = {102--127},
      ISSN = {0021-8693},
     CODEN = {JALGA4},
   MRCLASS = {16S80 (16W10 20C08 46L37)},
  MRNUMBER = {2905021},
MRREVIEWER = {A. Joseph Kennedy},
       DOI = {10.1016/j.jalgebra.2012.02.017},
       URL = {http://dx.doi.org/10.1016/j.jalgebra.2012.02.017},
}MR2905021

@ARTICLE{Le13,
   author = {{Le}, T.~T.~Q.},
    title = "{On Kauffman Bracket Skein Modules at Root of Unity}",
  journal = {ArXiv e-prints},
archivePrefix = "arXiv",
   eprint = {1312.3705},
 primaryClass = "math.GT",
 keywords = {Mathematics - Geometric Topology},
     year = 2013,
    month = dec,
   adsurl = {http://adsabs.harvard.edu/abs/2013arXiv1312.3705L},
  adsnote = {Provided by the SAO/NASA Astrophysics Data System}
}2013arXiv1312.3705L

@article {GRRS13,
    AUTHOR = {Gadde, Abhijit and Rastelli, Leonardo and Razamat, Shlomo S.
              and Yan, Wenbin},
     TITLE = {Gauge theories and {M}acdonald polynomials},
   JOURNAL = {Comm. Math. Phys.},
  FJOURNAL = {Communications in Mathematical Physics},
    VOLUME = {319},
      YEAR = {2013},
    NUMBER = {1},
     PAGES = {147--193},
      ISSN = {0010-3616},
   MRCLASS = {81T13 (33D52)},
  MRNUMBER = {3034028},
       DOI = {10.1007/s00220-012-1607-8},
       URL = {http://dx.doi.org/10.1007/s00220-012-1607-8},
}MR3034028


@article {AS15,
    AUTHOR = {Aganagic, Mina and Shakirov, Shamil},
     TITLE = {Knot homology and refined {C}hern-{S}imons index},
   JOURNAL = {Comm. Math. Phys.},
  FJOURNAL = {Communications in Mathematical Physics},
    VOLUME = {333},
      YEAR = {2015},
    NUMBER = {1},
     PAGES = {187--228},
      ISSN = {0010-3616},
   MRCLASS = {81Q30 (81T30)},
  MRNUMBER = {3294947},
       DOI = {10.1007/s00220-014-2197-4},
       URL = {http://dx.doi.org/10.1007/s00220-014-2197-4},
}MR3294947

@article {GORS14,
    AUTHOR = {Gorsky, Eugene and Oblomkov, Alexei and Rasmussen, Jacob and
              Shende, Vivek},
     TITLE = {Torus knots and the rational {DAHA}},
   JOURNAL = {Duke Math. J.},
  FJOURNAL = {Duke Mathematical Journal},
    VOLUME = {163},
      YEAR = {2014},
    NUMBER = {14},
     PAGES = {2709--2794},
      ISSN = {0012-7094},
   MRCLASS = {57M25 (05A99 16S32)},
  MRNUMBER = {3273582},
       DOI = {10.1215/00127094-2827126},
       URL = {http://dx.doi.org/10.1215/00127094-2827126},
}MR3273582

@article {CKM14,
    AUTHOR = {Cautis, Sabin and Kamnitzer, Joel and Morrison, Scott},
     TITLE = {Webs and quantum skew {H}owe duality},
   JOURNAL = {Math. Ann.},
  FJOURNAL = {Mathematische Annalen},
    VOLUME = {360},
      YEAR = {2014},
    NUMBER = {1-2},
     PAGES = {351--390},
      ISSN = {0025-5831},
   MRCLASS = {17B37 (17B10 17B20)},
  MRNUMBER = {3263166},
MRREVIEWER = {Iwan Praton},
       DOI = {10.1007/s00208-013-0984-4},
       URL = {http://dx.doi.org/10.1007/s00208-013-0984-4},
}MR3263166

@article {Mor95,
    AUTHOR = {Morton, H. R.},
     TITLE = {The coloured {J}ones function and {A}lexander polynomial for
              torus knots},
   JOURNAL = {Math. Proc. Cambridge Philos. Soc.},
  FJOURNAL = {Mathematical Proceedings of the Cambridge Philosophical
              Society},
    VOLUME = {117},
      YEAR = {1995},
    NUMBER = {1},
     PAGES = {129--135},
      ISSN = {0305-0041},
     CODEN = {MPCPCO},
   MRCLASS = {57M25},
  MRNUMBER = {1297899 (95h:57008)},
MRREVIEWER = {Jonathan A. Hillman},
       DOI = {10.1017/S0305004100072959},
       URL = {http://dx.doi.org/10.1017/S0305004100072959},
}MR1297899

@ARTICLE{Tra14,
   author = {{Tran}, A.~T.},
    title = "{The strong {AJ} conjecture for cables of torus knots}",
  journal = {arXiv:1404.0331},
     year = 2014,
    month = apr,
}

@ARTICLE{Che14pc,
   author = {{Cherednik}, I.},
    title = "private communication",
     year = 2014,
    month = aug,
}


@book {EN85,
    AUTHOR = {Eisenbud, David and Neumann, Walter},
     TITLE = {Three-dimensional link theory and invariants of plane curve
              singularities},
    SERIES = {Annals of Mathematics Studies},
    VOLUME = {110},
 PUBLISHER = {Princeton University Press, Princeton, NJ},
      YEAR = {1985},
     PAGES = {vii+173},
      ISBN = {0-691-08380-0; 0-691-08381-9},
   MRCLASS = {57M25 (14H20 57S15)},
  MRNUMBER = {817982 (87g:57007)},
MRREVIEWER = {Christopher W. Stark},
}MR817982

@ARTICLE{ORS12,
   author = {{Oblomkov}, A. and {Rasmussen}, J. and {Shende}, V.},
    title = "{The Hilbert scheme of a plane curve singularity and the HOMFLY homology of its link}",
  journal = {arXiv 1201.2115},
archivePrefix = "arXiv",
   eprint = {1201.2115},
 primaryClass = "math.AG",
 keywords = {Mathematics - Algebraic Geometry, Mathematics - Geometric Topology, Mathematics - Representation Theory},
     year = 2012,
    month = jan,
   adsurl = {http://adsabs.harvard.edu/abs/2012arXiv1201.2115O},
  adsnote = {Provided by the SAO/NASA Astrophysics Data System}
}2012arXiv1201.2115O

@ARTICLE{GORS12,
   author = {{Gorsky}, E. and {Oblomkov}, A. and {Rasmussen}, J. and {Shende}, V.
	},
    title = "{Torus knots and the rational DAHA}",
  journal = {arXiv 1207.4523},
archivePrefix = "arXiv",
   eprint = {1207.4523},
 primaryClass = "math.RT",
 keywords = {Mathematics - Representation Theory, High Energy Physics - Theory, Mathematics - Algebraic Geometry, Mathematics - Geometric Topology},
     year = 2012,
    month = jul,
   adsurl = {http://adsabs.harvard.edu/abs/2012arXiv1207.4523G},
  adsnote = {Provided by the SAO/NASA Astrophysics Data System}
}2012arXiv1207.4523G

@ARTICLE{CD14,
   author = {{Cherednik}, I. and {Danilenko}, I.},
    title = "{DAHA and iterated torus knots}",
  journal = {arXiv 1408.4348},
archivePrefix = "arXiv",
   eprint = {1408.4348},
 primaryClass = "math.QA",
 keywords = {Mathematics - Quantum Algebra, Mathematics - Algebraic Geometry},
     year = 2014,
    month = aug,
   adsurl = {http://adsabs.harvard.edu/abs/2014arXiv1408.4348C},
  adsnote = {Provided by the SAO/NASA Astrophysics Data System}
}2014arXiv1408.4348C

@article {MV94,
    AUTHOR = {Masbaum, G. and Vogel, P.},
     TITLE = {{$3$}-valent graphs and the {K}auffman bracket},
   JOURNAL = {Pacific J. Math.},
  FJOURNAL = {Pacific Journal of Mathematics},
    VOLUME = {164},
      YEAR = {1994},
    NUMBER = {2},
     PAGES = {361--381},
      ISSN = {0030-8730},
     CODEN = {PJMAAI},
   MRCLASS = {57M15 (05C10 57M25)},
  MRNUMBER = {1272656 (95e:57003)},
MRREVIEWER = {Thang T. Q. Le},
       URL = {http://projecteuclid.org/euclid.pjm/1102622100},
}MR1272656

@ARTICLE{Mau12,
   author = {{Maulik}, D.},
    title = "{Stable pairs and the HOMFLY polynomial}",
  journal = {ArXiv 1210.6323},
archivePrefix = "arXiv",
   eprint = {1210.6323},
 primaryClass = "math.AG",
 keywords = {Mathematics - Algebraic Geometry, High Energy Physics - Theory, Mathematics - Geometric Topology},
     year = 2012,
    month = oct,
   adsurl = {http://adsabs.harvard.edu/abs/2012arXiv1210.6323M},
  adsnote = {Provided by the SAO/NASA Astrophysics Data System}
}2012arXiv1210.6323M


@ARTICLE{Che14,
   author = {{Cherednik}, I.},
    title = "{DAHA-Jones polynomials of torus knots}",
  journal = {ArXiv 1406.3959},
archivePrefix = "arXiv",
   eprint = {1406.3959},
 primaryClass = "math.QA",
 keywords = {Mathematics - Quantum Algebra, Mathematics - Representation Theory},
     year = 2014,
    month = jun,
   adsurl = {http://adsabs.harvard.edu/abs/2014arXiv1406.3959C},
  adsnote = {Provided by the SAO/NASA Astrophysics Data System}
}2014arXiv1406.3959C


@ARTICLE{vdV08,
   author = {{van der Veen}, R.},
    title = "{A cabling formula for the colored Jones polynomial}",
  journal = {ArXiv 0807.2679},
archivePrefix = "arXiv",
   eprint = {0807.2679},
 primaryClass = "math.GT",
 keywords = {Mathematics - Geometric Topology, Mathematics - Quantum Algebra, 57M25, 57M27},
     year = 2008,
    month = jul,
   adsurl = {http://adsabs.harvard.edu/abs/2008arXiv0807.2679V},
  adsnote = {Provided by the SAO/NASA Astrophysics Data System}
}2008arXiv0807.2679V


@ARTICLE{BS14,
   author = {{Berest}, Y. and {Samuelson}, P.},
    title = "{Double affine Hecke algebras and generalized Jones polynomials}",
  journal = {ArXiv 1402.6032},
archivePrefix = "arXiv",
   eprint = {1402.6032},
 primaryClass = "math.QA",
 keywords = {Mathematics - Quantum Algebra, Mathematics - Representation Theory},
     year = 2014,
    month = feb,
   adsurl = {http://adsabs.harvard.edu/abs/2014arXiv1402.6032B},
  adsnote = {Provided by the SAO/NASA Astrophysics Data System}
}2014arXiv1402.6032B


@article {Kup96,
    AUTHOR = {Kuperberg, Greg},
     TITLE = {Spiders for rank {$2$} {L}ie algebras},
   JOURNAL = {Comm. Math. Phys.},
  FJOURNAL = {Communications in Mathematical Physics},
    VOLUME = {180},
      YEAR = {1996},
    NUMBER = {1},
     PAGES = {109--151},
      ISSN = {0010-3616},
     CODEN = {CMPHAY},
   MRCLASS = {17B10 (22E60 81R05)},
  MRNUMBER = {1403861 (97f:17005)},
MRREVIEWER = {Stefano Capparelli},
       URL = {http://projecteuclid.org/euclid.cmp/1104287237},
}MR1403861

@ARTICLE{GORS12,
   author = {{Gorsky}, E. and {Oblomkov}, A. and {Rasmussen}, J. and {Shende}, V.
	},
    title = "{Torus knots and the rational DAHA}",
  journal = {ArXiv 1207.4523},
archivePrefix = "arXiv",
   eprint = {1207.4523},
 primaryClass = "math.RT",
 keywords = {Mathematics - Representation Theory, High Energy Physics - Theory, Mathematics - Algebraic Geometry, Mathematics - Geometric Topology},
     year = 2012,
    month = jul,
   adsurl = {http://adsabs.harvard.edu/abs/2012arXiv1207.4523G},
  adsnote = {Provided by the SAO/NASA Astrophysics Data System}
}2012arXiv1207.4523G

@article {OS12,
    AUTHOR = {Oblomkov, Alexei and Shende, Vivek},
     TITLE = {The {H}ilbert scheme of a plane curve singularity and the
              {HOMFLY} polynomial of its link},
   JOURNAL = {Duke Math. J.},
  FJOURNAL = {Duke Mathematical Journal},
    VOLUME = {161},
      YEAR = {2012},
    NUMBER = {7},
     PAGES = {1277--1303},
      ISSN = {0012-7094},
     CODEN = {DUMJAO},
   MRCLASS = {57M25 (14H20)},
  MRNUMBER = {2922375},
MRREVIEWER = {Cristina Mart{\'{\i}}nez},
       DOI = {10.1215/00127094-1593281},
       URL = {http://dx.doi.org/10.1215/00127094-1593281},
}MR2922375



@incollection {AS12,
    AUTHOR = {Aganagic, Mina and Shakirov, Shamil},
     TITLE = {Refined {C}hern-{S}imons theory and knot homology},
 BOOKTITLE = {String-{M}ath 2011},
    SERIES = {Proc. Sympos. Pure Math.},
    VOLUME = {85},
     PAGES = {3--31},
 PUBLISHER = {Amer. Math. Soc., Providence, RI},
      YEAR = {2012},
   MRCLASS = {81T30 (57M27 58J28 81T20)},
  MRNUMBER = {2985324},
MRREVIEWER = {Daniel D. Moskovich},
       DOI = {10.1090/pspum/085/1372},
       URL = {http://dx.doi.org/10.1090/pspum/085/1372},
}MR2985324


@ARTICLE{AS11,
   author = {{Aganagic}, M. and {Shakirov}, S.},
    title = "{Knot Homology from Refined Chern-Simons Theory}",
  journal = {ArXiv 1105.5117},
archivePrefix = "arXiv",
   eprint = {1105.5117},
 primaryClass = "hep-th",
 keywords = {High Energy Physics - Theory, Mathematics - Algebraic Geometry, Mathematics - Geometric Topology, Mathematics - Representation Theory},
     year = 2011,
    month = may,
   adsurl = {http://adsabs.harvard.edu/abs/2011arXiv1105.5117A},
  adsnote = {Provided by the SAO/NASA Astrophysics Data System}
}2011arXiv1105.5117A



@article {Sik14,
    AUTHOR = {Sikora, Adam S.},
     TITLE = {Character varieties of abelian groups},
   JOURNAL = {Math. Z.},
  FJOURNAL = {Mathematische Zeitschrift},
    VOLUME = {277},
      YEAR = {2014},
    NUMBER = {1-2},
     PAGES = {241--256},
      ISSN = {0025-5874},
   MRCLASS = {14L30 (13A50 14L24 20C15 20G20)},
  MRNUMBER = {3205770},
       DOI = {10.1007/s00209-013-1252-8},
       URL = {http://dx.doi.org/10.1007/s00209-013-1252-8},
}MR3205770



@article {Che13,
    AUTHOR = {Cherednik, Ivan},
     TITLE = {Jones polynomials of torus knots via {DAHA}},
   JOURNAL = {Int. Math. Res. Not. IMRN},
  FJOURNAL = {International Mathematics Research Notices. IMRN},
      YEAR = {2013},
    NUMBER = {23},
     PAGES = {5366--5425},
      ISSN = {1073-7928},
   MRCLASS = {57M27},
  MRNUMBER = {3142259},
}MR3142259

@ARTICLE{MS14,
   author = {Morton, H. and Samuelson, P.},
    title = {The {H}omfly skein algebra and the elliptic {H}all algebra},
  journal = {arXiv:1410:0859},
     year = 2014,
    month = {July},
}2014arXiv1405.0316B


@ARTICLE{BGLX14b,
   author = {{Bergeron}, F. and {Garsia}, A. and {Leven}, E. and {Xin}, G.
	},
    title = {Some remarkable new Plethystic Operators in the Theory of Macdonald Polynomials},
  journal = {ArXiv e-prints},
archivePrefix = {arXiv},
   eprint = {1405.0316},
 primaryClass = {math.CO},
 keywords = {Mathematics - Combinatorics, Mathematics - Representation Theory},
     year = 2014,
    month = {May},
   adsurl = {http://adsabs.harvard.edu/abs/2014arXiv1405.0316B},
  adsnote = {Provided by the SAO/NASA Astrophysics Data System}
}2014arXiv1405.0316B

@article {AM98,
    AUTHOR = {Aiston, A. K. and Morton, H. R.},
     TITLE = {Idempotents of {H}ecke algebras of type {$A$}},
   JOURNAL = {J. Knot Theory Ramifications},
  FJOURNAL = {Journal of Knot Theory and its Ramifications},
    VOLUME = {7},
      YEAR = {1998},
    NUMBER = {4},
     PAGES = {463--487},
      ISSN = {0218-2165},
   MRCLASS = {57M25 (17B37)},
  MRNUMBER = {1633027 (99h:57002)},
MRREVIEWER = {J. S. Birman},
       DOI = {10.1142/S0218216598000243},
       URL = {http://dx.doi.org/10.1142/S0218216598000243},
}MR1633027

@article {HM06,
    AUTHOR = {Hadji, Richard J. and Morton, Hugh R.},
     TITLE = {A basis for the full {H}omfly skein of the annulus},
   JOURNAL = {Math. Proc. Cambridge Philos. Soc.},
  FJOURNAL = {Mathematical Proceedings of the Cambridge Philosophical
              Society},
    VOLUME = {141},
      YEAR = {2006},
    NUMBER = {1},
     PAGES = {81--100},
      ISSN = {0305-0041},
     CODEN = {MPCPCO},
   MRCLASS = {57M25 (57M27)},
  MRNUMBER = {2238644 (2007j:57006)},
MRREVIEWER = {Se-Goo Kim},
       DOI = {10.1017/S0305004105009047},
       URL = {http://dx.doi.org/10.1017/S0305004105009047},
}MR2238644

@incollection {Mor02,
    AUTHOR = {Morton, Hugh R.},
     TITLE = {Power sums and {H}omfly skein theory},
 BOOKTITLE = {Invariants of knots and 3-manifolds ({K}yoto, 2001)},
    SERIES = {Geom. Topol. Monogr.},
    VOLUME = {4},
     PAGES = {235--244 (electronic)},
 PUBLISHER = {Geom. Topol. Publ., Coventry},
      YEAR = {2002},
   MRCLASS = {57M27 (20C08)},
  MRNUMBER = {2002613 (2004g:57032)},
       DOI = {10.2140/gtm.2002.4.235},
       URL = {http://dx.doi.org/10.2140/gtm.2002.4.235},
}MR2002613

@article {MM08,
    AUTHOR = {Morton, H. R. and Manch{\'o}n, P. M. G.},
     TITLE = {Geometrical relations and plethysms in the {H}omfly skein of
              the annulus},
   JOURNAL = {J. Lond. Math. Soc. (2)},
  FJOURNAL = {Journal of the London Mathematical Society. Second Series},
    VOLUME = {78},
      YEAR = {2008},
    NUMBER = {2},
     PAGES = {305--328},
      ISSN = {0024-6107},
   MRCLASS = {57M27 (05E05 17B37 57M25)},
  MRNUMBER = {2439627 (2009h:57021)},
MRREVIEWER = {Hans U. Boden},
       DOI = {10.1112/jlms/jdn026},
       URL = {http://dx.doi.org/10.1112/jlms/jdn026},
}MR2439627

@article {MR10,
    AUTHOR = {Morton, H. R. and Ryder, N. D. A.},
     TITLE = {Relations between {K}auffman and {H}omfly satellite
              invariants},
   JOURNAL = {Math. Proc. Cambridge Philos. Soc.},
  FJOURNAL = {Mathematical Proceedings of the Cambridge Philosophical
              Society},
    VOLUME = {149},
      YEAR = {2010},
    NUMBER = {1},
     PAGES = {105--114},
      ISSN = {0305-0041},
     CODEN = {MPCPCO},
   MRCLASS = {57M27 (57M25)},
  MRNUMBER = {2651580 (2011f:57020)},
MRREVIEWER = {Sebastian Baader},
       DOI = {10.1017/S0305004110000058},
       URL = {http://dx.doi.org/10.1017/S0305004110000058},
}MR2651580


@ARTICLE{BGLX14,
   author = {{Bergeron}, F. and {Garsia}, A. and {Leven}, E. and {Xin}, G.
	},
    title = "{Compositional (km,kn)-Shuffle Conjectures}",
  journal = {ArXiv e-prints},
archivePrefix = "arXiv",
   eprint = {1404.4616},
 primaryClass = "math.CO",
 keywords = {Mathematics - Combinatorics},
     year = 2014,
    month = apr,
   adsurl = {http://adsabs.harvard.edu/abs/2014arXiv1404.4616B},
  adsnote = {Provided by the SAO/NASA Astrophysics Data System}
}

@article {BS12,
    AUTHOR = {Burban, Igor and Schiffmann, Olivier},
     TITLE = {On the {H}all algebra of an elliptic curve, {I}},
   JOURNAL = {Duke Math. J.},
  FJOURNAL = {Duke Mathematical Journal},
    VOLUME = {161},
      YEAR = {2012},
    NUMBER = {7},
     PAGES = {1171--1231},
      ISSN = {0012-7094},
     CODEN = {DUMJAO},
   MRCLASS = {16T05 (14F05)},
  MRNUMBER = {2922373},
MRREVIEWER = {Shilin Yang},
       DOI = {10.1215/00127094-1593263},
       URL = {http://dx.doi.org/10.1215/00127094-1593263},
}MR2922373

@incollection {AS13,
    AUTHOR = {Arbesfeld, N. and Schiffmann, O.},
     TITLE = {A presentation of the deformed {$W\sb {1+\infty}$} algebra},
 BOOKTITLE = {Symmetries, integrable systems and representations},
    SERIES = {Springer Proc. Math. Stat.},
    VOLUME = {40},
     PAGES = {1--13},
 PUBLISHER = {Springer, Heidelberg},
      YEAR = {2013},
   MRCLASS = {17B66 (81R10)},
  MRNUMBER = {3077678},
       DOI = {10.1007/978-1-4471-4863-0_1},
       URL = {http://dx.doi.org/10.1007/978-1-4471-4863-0_1},
}MR3077678

@article {FFJMM11a,
    AUTHOR = {Feigin, B. and Feigin, E. and Jimbo, M. and Miwa, T. and
              Mukhin, E.},
     TITLE = {Quantum continuous {$\mathfrak{gl}_\infty$}: semiinfinite
              construction of representations},
   JOURNAL = {Kyoto J. Math.},
  FJOURNAL = {Kyoto Journal of Mathematics},
    VOLUME = {51},
      YEAR = {2011},
    NUMBER = {2},
     PAGES = {337--364},
      ISSN = {2156-2261},
   MRCLASS = {17B37 (05E10 20C08 33D52)},
  MRNUMBER = {2793271 (2012k:17024)},
MRREVIEWER = {Murray R. Bremner},
       DOI = {10.1215/21562261-1214375},
       URL = {http://dx.doi.org/10.1215/21562261-1214375},
}MR2793271

@article {FFJMM11b,
    AUTHOR = {Feigin, B. and Feigin, E. and Jimbo, M. and Miwa, T. and
              Mukhin, E.},
     TITLE = {Quantum continuous {$\mathfrak{gl}_\infty$}: tensor products of
              {F}ock modules and {$\mathscr W_n$}-characters},
   JOURNAL = {Kyoto J. Math.},
  FJOURNAL = {Kyoto Journal of Mathematics},
    VOLUME = {51},
      YEAR = {2011},
    NUMBER = {2},
     PAGES = {365--392},
      ISSN = {2156-2261},
   MRCLASS = {17B37 (05E10)},
  MRNUMBER = {2793272 (2012c:17028)},
MRREVIEWER = {Iwan Praton},
       DOI = {10.1215/21562261-1214384},
       URL = {http://dx.doi.org/10.1215/21562261-1214384},
}MR2793272

@article {FJMM12,
    AUTHOR = {Feigin, B. and Jimbo, M. and Miwa, T. and Mukhin, E.},
     TITLE = {Quantum toroidal {$\mathfrak{gl}_1$}-algebra: plane partitions},
   JOURNAL = {Kyoto J. Math.},
  FJOURNAL = {Kyoto Journal of Mathematics},
    VOLUME = {52},
      YEAR = {2012},
    NUMBER = {3},
     PAGES = {621--659},
      ISSN = {2156-2261},
   MRCLASS = {17B37 (05E10)},
  MRNUMBER = {2959950},
MRREVIEWER = {Boyka L. Aneva},
}MR2959950

@article {FJMM13,
    AUTHOR = {Feigin, B. and Jimbo, M. and Miwa, T. and Mukhin, E.},
     TITLE = {Representations of quantum toroidal {${\mathfrak{gl}}_n$}},
   JOURNAL = {J. Algebra},
  FJOURNAL = {Journal of Algebra},
    VOLUME = {380},
      YEAR = {2013},
     PAGES = {78--108},
      ISSN = {0021-8693},
     CODEN = {JALGA4},
   MRCLASS = {17B37 (17B10)},
  MRNUMBER = {3023228},
MRREVIEWER = {Olga Bershtein},
       DOI = {10.1016/j.jalgebra.2012.12.029},
       URL = {http://dx.doi.org/10.1016/j.jalgebra.2012.12.029},
}MR3023228

@article {Her09,
    AUTHOR = {Hernandez, David},
     TITLE = {Quantum toroidal algebras and their representations},
   JOURNAL = {Selecta Math. (N.S.)},
  FJOURNAL = {Selecta Mathematica. New Series},
    VOLUME = {14},
      YEAR = {2009},
    NUMBER = {3-4},
     PAGES = {701--725},
      ISSN = {1022-1824},
     CODEN = {SMATF6},
   MRCLASS = {17B37 (17B67)},
  MRNUMBER = {2511196 (2010a:17027)},
MRREVIEWER = {Shaobin Tan},
       DOI = {10.1007/s00029-009-0502-4},
       URL = {http://dx.doi.org/10.1007/s00029-009-0502-4},
}MR2511196

@article {Mik99,
    AUTHOR = {Miki, Kei},
     TITLE = {Toroidal braid group action and an automorphism of toroidal
              algebra {$U_q({\mathfrak sl}_ {n+1,\mathrm{ tor}})\ (n\geq 2)$}},
   JOURNAL = {Lett. Math. Phys.},
  FJOURNAL = {Letters in Mathematical Physics. A Journal for the Rapid
              Dissemination of Short Contributions in the Field of
              Mathematical Physics},
    VOLUME = {47},
      YEAR = {1999},
    NUMBER = {4},
     PAGES = {365--378},
      ISSN = {0377-9017},
     CODEN = {LMPHDY},
   MRCLASS = {17B37 (81R50)},
  MRNUMBER = {1693755 (2000c:17027)},
MRREVIEWER = {Vladislav K. Kharchenko},
       DOI = {10.1023/A:1007556926350},
       URL = {http://dx.doi.org/10.1023/A:1007556926350},
}MR1693755

@article {Mik07,
    AUTHOR = {Miki, Kei},
     TITLE = {A {$(q,\gamma)$} analog of the {$W_{1+\infty}$} algebra},
   JOURNAL = {J. Math. Phys.},
  FJOURNAL = {Journal of Mathematical Physics},
    VOLUME = {48},
      YEAR = {2007},
    NUMBER = {12},
     PAGES = {123520, 35},
      ISSN = {0022-2488},
     CODEN = {JMAPAQ},
   MRCLASS = {17B37 (17B68 33D80 81R10 81R50)},
  MRNUMBER = {2377852 (2009a:17024)},
MRREVIEWER = {Pierluigi M{\"o}seneder Frajria},
       DOI = {10.1063/1.2823979},
       URL = {http://dx.doi.org/10.1063/1.2823979},
}MR2377852

@article {SV11,
    AUTHOR = {Schiffmann, O. and Vasserot, E.},
     TITLE = {The elliptic {H}all algebra, {C}herednik {H}ecke algebras and
              {M}acdonald polynomials},
   JOURNAL = {Compos. Math.},
  FJOURNAL = {Compositio Mathematica},
    VOLUME = {147},
      YEAR = {2011},
    NUMBER = {1},
     PAGES = {188--234},
      ISSN = {0010-437X},
   MRCLASS = {20C08 (05E15 11M36 14F05 17B37)},
  MRNUMBER = {2771130 (2012f:20008)},
MRREVIEWER = {Maurizio Martino},
       DOI = {10.1112/S0010437X10004872},
       URL = {http://dx.doi.org/10.1112/S0010437X10004872},
}MR2771130

@article {Sch12a,
    AUTHOR = {Schiffmann, Olivier},
     TITLE = {Drinfeld realization of the elliptic {H}all algebra},
   JOURNAL = {J. Algebraic Combin.},
  FJOURNAL = {Journal of Algebraic Combinatorics. An International Journal},
    VOLUME = {35},
      YEAR = {2012},
    NUMBER = {2},
     PAGES = {237--262},
      ISSN = {0925-9899},
     CODEN = {JAOME7},
   MRCLASS = {14F05 (11M36 14G15 16T10)},
  MRNUMBER = {2886289},
MRREVIEWER = {Xueqing Chen},
       DOI = {10.1007/s10801-011-0302-8},
       URL = {http://dx.doi.org/10.1007/s10801-011-0302-8},
}MR2886289

@article {Sch12b,
    AUTHOR = {Schiffmann, Olivier},
     TITLE = {On the {H}all algebra of an elliptic curve, {II}},
   JOURNAL = {Duke Math. J.},
  FJOURNAL = {Duke Mathematical Journal},
    VOLUME = {161},
      YEAR = {2012},
    NUMBER = {9},
     PAGES = {1711--1750},
      ISSN = {0012-7094},
     CODEN = {DUMJAO},
   MRCLASS = {14F05 (14D23)},
  MRNUMBER = {2942792},
MRREVIEWER = {Michael J. Paluch},
       DOI = {10.1215/00127094-1593362},
       URL = {http://dx.doi.org/10.1215/00127094-1593362},
}MR2942792

@article {SV13,
    AUTHOR = {Schiffmann, Olivier and Vasserot, Eric},
     TITLE = {The elliptic {H}all algebra and the {$K$}-theory of the
              {H}ilbert scheme of {$\mathbb A^2$}},
   JOURNAL = {Duke Math. J.},
  FJOURNAL = {Duke Mathematical Journal},
    VOLUME = {162},
      YEAR = {2013},
    NUMBER = {2},
     PAGES = {279--366},
      ISSN = {0012-7094},
     CODEN = {DUMJAO},
   MRCLASS = {19E08 (14C05 14C35 14F05 20C08)},
  MRNUMBER = {3018956},
MRREVIEWER = {Jens Hornbostel},
       DOI = {10.1215/00127094-1961849},
       URL = {http://dx.doi.org/10.1215/00127094-1961849},
}MR3018956

@article {VV98,
    AUTHOR = {Varagnolo, M. and Vasserot, E.},
     TITLE = {Double-loop algebras and the {F}ock space},
   JOURNAL = {Invent. Math.},
  FJOURNAL = {Inventiones Mathematicae},
    VOLUME = {133},
      YEAR = {1998},
    NUMBER = {1},
     PAGES = {133--159},
      ISSN = {0020-9910},
     CODEN = {INVMBH},
   MRCLASS = {17B37 (81R10 81R50)},
  MRNUMBER = {1626481 (99g:17035)},
MRREVIEWER = {Alexander N. Rudy{\u\i}},
       DOI = {10.1007/s002220050242},
       URL = {http://dx.doi.org/10.1007/s002220050242},
}MR1626481

@article {Ter13,
    AUTHOR = {Terwilliger, Paul},
     TITLE = {The universal {A}skey-{W}ilson algebra and {DAHA} of type
              {$(C\sp \vee\sb 1,C\sb 1)$}},
   JOURNAL = {SIGMA Symmetry Integrability Geom. Methods Appl.},
  FJOURNAL = {SIGMA. Symmetry, Integrability and Geometry. Methods and
              Applications},
    VOLUME = {9},
      YEAR = {2013},
     PAGES = {Paper 047, 40},
      ISSN = {1815-0659},
   MRCLASS = {33D80 (33D45)},
  MRNUMBER = {3116183},
MRREVIEWER = {Renato {\'A}lvarez-Nodarse},
}MR3116183

@book {Mac03,
    AUTHOR = {Macdonald, I. G.},
     TITLE = {Affine {H}ecke algebras and orthogonal polynomials},
    SERIES = {Cambridge Tracts in Mathematics},
    VOLUME = {157},
 PUBLISHER = {Cambridge University Press, Cambridge},
      YEAR = {2003},
     PAGES = {x+175},
      ISBN = {0-521-82472-9},
   MRCLASS = {33D52 (20C08 33-02)},
  MRNUMBER = {1976581 (2005b:33021)},
MRREVIEWER = {Eric M. Opdam},
       DOI = {10.1017/CBO9780511542824},
       URL = {http://dx.doi.org/10.1017/CBO9780511542824},
}MR1976581

@article {Min82,
    AUTHOR = {Minkus, Jerome},
     TITLE = {The branched cyclic coverings of {$2$} bridge knots and links},
   JOURNAL = {Mem. Amer. Math. Soc.},
  FJOURNAL = {Memoirs of the American Mathematical Society},
    VOLUME = {35},
      YEAR = {1982},
    NUMBER = {255},
     PAGES = {iv+68},
      ISSN = {0065-9266},
     CODEN = {MAMCAU},
   MRCLASS = {57M25 (20F05 57M05 57M12)},
  MRNUMBER = {643587 (83g:57004)},
MRREVIEWER = {J. S. Birman},
       DOI = {10.1090/memo/0255},
       URL = {http://dx.doi.org/10.1090/memo/0255},
}MR643587


@article {Fuk05,
    AUTHOR = {Fukuhara, Shinji},
     TITLE = {Explicit formulae for two-bridge knot polynomials},
   JOURNAL = {J. Aust. Math. Soc.},
  FJOURNAL = {Journal of the Australian Mathematical Society},
    VOLUME = {78},
      YEAR = {2005},
    NUMBER = {2},
     PAGES = {149--166},
      ISSN = {1446-7887},
   MRCLASS = {57M27 (11L03 11Z05 57M05 57M25)},
  MRNUMBER = {2141874 (2006f:57013)},
MRREVIEWER = {Hale F. Trotter},
       DOI = {10.1017/S1446788700008004},
       URL = {http://dx.doi.org/10.1017/S1446788700008004},
}MR2141874

@article {EOR07,
    AUTHOR = {Etingof, Pavel and Oblomkov, Alexei and Rains, Eric},
     TITLE = {Generalized double affine {H}ecke algebras of rank 1 and
              quantized del {P}ezzo surfaces},
   JOURNAL = {Adv. Math.},
  FJOURNAL = {Advances in Mathematics},
    VOLUME = {212},
      YEAR = {2007},
    NUMBER = {2},
     PAGES = {749--796},
      ISSN = {0001-8708},
     CODEN = {ADMTA4},
   MRCLASS = {20C08 (14J26)},
  MRNUMBER = {2329319 (2008h:20006)},
MRREVIEWER = {James W. Parkinson},
       DOI = {10.1016/j.aim.2006.11.008},
       URL = {http://dx.doi.org/10.1016/j.aim.2006.11.008},
}MR2329319

@article {Sco83,
    AUTHOR = {Scott, Peter},
     TITLE = {The geometries of {$3$}-manifolds},
   JOURNAL = {Bull. London Math. Soc.},
  FJOURNAL = {The Bulletin of the London Mathematical Society},
    VOLUME = {15},
      YEAR = {1983},
    NUMBER = {5},
     PAGES = {401--487},
      ISSN = {0024-6093},
     CODEN = {LMSBBT},
   MRCLASS = {57N10 (22E10 53C20)},
  MRNUMBER = {705527 (84m:57009)},
MRREVIEWER = {John Hempel},
       DOI = {10.1112/blms/15.5.401},
       URL = {http://dx.doi.org/10.1112/blms/15.5.401},
}MR705527

@article {AW85,
    AUTHOR = {Askey, Richard and Wilson, James},
     TITLE = {Some basic hypergeometric orthogonal polynomials that
              generalize {J}acobi polynomials},
   JOURNAL = {Mem. Amer. Math. Soc.},
  FJOURNAL = {Memoirs of the American Mathematical Society},
    VOLUME = {54},
      YEAR = {1985},
    NUMBER = {319},
     PAGES = {iv+55},
      ISSN = {0065-9266},
     CODEN = {MAMCAU},
   MRCLASS = {05A30 (33A65)},
  MRNUMBER = {783216 (87a:05023)},
MRREVIEWER = {Mourad E. H. Ismail},
       DOI = {10.1090/memo/0319},
       URL = {http://dx.doi.org/10.1090/memo/0319},
}MR783216

@article {Bar99,
    AUTHOR = {Barrett, John W.},
     TITLE = {Skein spaces and spin structures},
   JOURNAL = {Math. Proc. Cambridge Philos. Soc.},
  FJOURNAL = {Mathematical Proceedings of the Cambridge Philosophical
              Society},
    VOLUME = {126},
      YEAR = {1999},
    NUMBER = {2},
     PAGES = {267--275},
      ISSN = {0305-0041},
     CODEN = {MPCPCO},
   MRCLASS = {57M25 (57N10 57R15)},
  MRNUMBER = {1670233 (99k:57006)},
MRREVIEWER = {Torsten Asselmeyer-Maluga},
       DOI = {10.1017/S0305004198003168},
       URL = {http://dx.doi.org/10.1017/S0305004198003168},
}MR1670233

@article {Lus89,
    AUTHOR = {Lusztig, George},
     TITLE = {Affine {H}ecke algebras and their graded version},
   JOURNAL = {J. Amer. Math. Soc.},
  FJOURNAL = {Journal of the American Mathematical Society},
    VOLUME = {2},
      YEAR = {1989},
    NUMBER = {3},
     PAGES = {599--635},
      ISSN = {0894-0347},
   MRCLASS = {16A64 (20H15 22E50)},
  MRNUMBER = {991016 (90e:16049)},
MRREVIEWER = {Fran{\c{c}}ois Digne},
       DOI = {10.2307/1990945},
       URL = {http://dx.doi.org/10.2307/1990945},
}MR991016

@article {Sto03,
    AUTHOR = {Stokman, Jasper V.},
     TITLE = {Difference {F}ourier transforms for nonreduced root systems},
   JOURNAL = {Selecta Math. (N.S.)},
  FJOURNAL = {Selecta Mathematica. New Series},
    VOLUME = {9},
      YEAR = {2003},
    NUMBER = {3},
     PAGES = {409--494},
      ISSN = {1022-1824},
     CODEN = {SMATF6},
   MRCLASS = {33D45 (33D52 33D80)},
  MRNUMBER = {2006574 (2004h:33040)},
MRREVIEWER = {Bogdan Ion},
       DOI = {10.1007/s00029-003-0331-9},
       URL = {http://dx.doi.org/10.1007/s00029-003-0331-9},
}MR2006574


@article {Che95,
    AUTHOR = {Cherednik, Ivan},
     TITLE = {Double affine {H}ecke algebras and {M}acdonald's conjectures},
   JOURNAL = {Ann. of Math. (2)},
  FJOURNAL = {Annals of Mathematics. Second Series},
    VOLUME = {141},
      YEAR = {1995},
    NUMBER = {1},
     PAGES = {191--216},
      ISSN = {0003-486X},
     CODEN = {ANMAAH},
   MRCLASS = {33D80 (05E15 05E35 17B20 39A70)},
  MRNUMBER = {1314036 (96m:33010)},
MRREVIEWER = {Eric M. Opdam},
       DOI = {10.2307/2118632},
       URL = {http://dx.doi.org/10.2307/2118632},
}MR1314036

@article {Ric79,
    AUTHOR = {Richardson, R. W.},
     TITLE = {Commuting varieties of semisimple {L}ie algebras and algebraic
              groups},
   JOURNAL = {Compositio Math.},
  FJOURNAL = {Compositio Mathematica},
    VOLUME = {38},
      YEAR = {1979},
    NUMBER = {3},
     PAGES = {311--327},
      ISSN = {0010-437X},
     CODEN = {CMPMAF},
   MRCLASS = {17B20 (14L30 22E47)},
  MRNUMBER = {535074 (80c:17009)},
MRREVIEWER = {Wim H. Hesselink},
       URL = {http://www.numdam.org/item?id=CM_1979__38_3_311_0},
}MR535074

@article {Tha01,
    AUTHOR = {Thaddeus, Michael},
     TITLE = {Mirror symmetry, {L}anglands duality, and commuting elements
              of {L}ie groups},
   JOURNAL = {Internat. Math. Res. Notices},
  FJOURNAL = {International Mathematics Research Notices},
      YEAR = {2001},
    NUMBER = {22},
     PAGES = {1169--1193},
      ISSN = {1073-7928},
   MRCLASS = {14D21 (14J32 22E99 32G13 32L05 53C26)},
  MRNUMBER = {1862614 (2002h:14019)},
MRREVIEWER = {Bal{\'a}zs Szendr{\"o}i},
       DOI = {10.1155/S1073792801000551},
       URL = {http://dx.doi.org/10.1155/S1073792801000551},
}MR1862614

@ARTICLE{CKM12,
   author = {{Cautis}, S. and {Kamnitzer}, J. and {Morrison}, S.},
    title = "{Webs and quantum skew Howe duality}",
  journal = {ArXiv 1210.6437},
archivePrefix = "arXiv",
   eprint = {1210.6437},
 primaryClass = "math.RT",
 keywords = {Mathematics - Representation Theory, Mathematics - Quantum Algebra},
     year = 2012,
    month = oct,
   adsurl = {http://adsabs.harvard.edu/abs/2012arXiv1210.6437C},
  adsnote = {Provided by the SAO/NASA Astrophysics Data System}
}2012arXiv1210.6437C


@article {Sam14,
    AUTHOR = {Samuelson, Peter},
     TITLE = {A topological construction of {C}herednik's $sl_2$ torus knot polynomials},
   JOURNAL = {in preparation},
      YEAR = {2014},
}MR2088746


@PhdThesis{Sam12,
           title = {Kauffman Bracket Skein Modules and the Quantum Torus},
          author = {Samuelson, Peter},
          school = "Cornell University",
           month = June,
            year = "2012",
}

@incollection {AS12,
    AUTHOR = {Aganagic, Mina and Shakirov, Shamil},
     TITLE = {Refined {C}hern-{S}imons theory and knot homology},
 BOOKTITLE = {String-{M}ath 2011},
    SERIES = {Proc. Sympos. Pure Math.},
    VOLUME = {85},
     PAGES = {3--31},
 PUBLISHER = {Amer. Math. Soc.},
   ADDRESS = {Providence, RI},
      YEAR = {2012},
   MRCLASS = {81Txx (57M27 58Jxx)},
  MRNUMBER = {2985324},
       DOI = {10.1090/pspum/085/1372},
       URL = {http://dx.doi.org/10.1090/pspum/085/1372},
}MR2985324

@incollection {BeSa12,
    AUTHOR = {Berest, Yuri and Samuelson, Peter},
     TITLE = {Dunkl operators and quasi-invariants of complex reflection
              groups},
 BOOKTITLE = {Mathematical aspects of quantization},
    SERIES = {Contemp. Math.},
    VOLUME = {583},
     PAGES = {1--23},
 PUBLISHER = {Amer. Math. Soc.},
   ADDRESS = {Providence, RI},
      YEAR = {2012},
   MRCLASS = {20F55 (16S38 17B45 20C08)},
  MRNUMBER = {3013091},
MRREVIEWER = {O. V. Shvartsman},
       DOI = {10.1090/conm/583/11571},
       URL = {http://dx.doi.org/10.1090/conm/583/11571},
}MR2088746

@article {GS03,
    AUTHOR = {Gelca, R{\u{a}}zvan and Sain, Jeremy},
     TITLE = {The noncommutative {A}-ideal of a {$(2,2p+1)$}-torus knot
              determines its {J}ones polynomial},
   JOURNAL = {J. Knot Theory Ramifications},
  FJOURNAL = {Journal of Knot Theory and its Ramifications},
    VOLUME = {12},
      YEAR = {2003},
    NUMBER = {2},
     PAGES = {187--201},
      ISSN = {0218-2165},
   MRCLASS = {57M27 (57M25)},
  MRNUMBER = {1967240 (2004d:57015)},
MRREVIEWER = {Kazuhiro Ichihara},
       DOI = {10.1142/S021821650300238X},
       URL = {http://dx.doi.org/10.1142/S021821650300238X},
}MR2088746

@article {GS04,
    AUTHOR = {Gelca, R{\u{a}}zvan and Sain, Jeremy},
     TITLE = {The computation of the non-commutative generalization of the
              {$A$}-polynomial of the figure-eight knot},
   JOURNAL = {J. Knot Theory Ramifications},
  FJOURNAL = {Journal of Knot Theory and its Ramifications},
    VOLUME = {13},
      YEAR = {2004},
    NUMBER = {6},
     PAGES = {785--808},
      ISSN = {0218-2165},
   MRCLASS = {57M27},
  MRNUMBER = {2088746 (2005f:57020)},
MRREVIEWER = {Darren D. Long},
       DOI = {10.1142/S0218216504003482},
       URL = {http://dx.doi.org/10.1142/S0218216504003482},
}MR2088746

@article {Hab08,
    AUTHOR = {Habiro, Kazuo},
     TITLE = {A unified {W}itten-{R}eshetikhin-{T}uraev invariant for
              integral homology spheres},
   JOURNAL = {Invent. Math.},
  FJOURNAL = {Inventiones Mathematicae},
    VOLUME = {171},
      YEAR = {2008},
    NUMBER = {1},
     PAGES = {1--81},
      ISSN = {0020-9910},
     CODEN = {INVMBH},
   MRCLASS = {57M27 (58J28)},
  MRNUMBER = {2358055 (2009b:57020)},
MRREVIEWER = {Qingtao Chen},
       DOI = {10.1007/s00222-007-0071-0},
       URL = {http://dx.doi.org/10.1007/s00222-007-0071-0},
}MR2171796

@incollection {NS04,
    AUTHOR = {Noumi, Masatoshi and Stokman, Jasper V.},
     TITLE = {Askey-{W}ilson polynomials: an affine {H}ecke algebra
              approach},
 BOOKTITLE = {Laredo {L}ectures on {O}rthogonal {P}olynomials and {S}pecial
              {F}unctions},
    SERIES = {Adv. Theory Spec. Funct. Orthogonal Polynomials},
     PAGES = {111--144},
 PUBLISHER = {Nova Sci. Publ.},
   ADDRESS = {Hauppauge, NY},
      YEAR = {2004},
   MRCLASS = {42C05 (33C67 33D67)},
  MRNUMBER = {2085854 (2005h:42057)},
MRREVIEWER = {V. L. Deshpande},
}MR2171796

@article {Sik05,
    AUTHOR = {Sikora, Adam S.},
     TITLE = {Skein theory for {${\rm SU}(n)$}-quantum invariants},
   JOURNAL = {Algebr. Geom. Topol.},
  FJOURNAL = {Algebraic \& Geometric Topology},
    VOLUME = {5},
      YEAR = {2005},
     PAGES = {865--897 (electronic)},
      ISSN = {1472-2747},
   MRCLASS = {57M27 (16W35)},
  MRNUMBER = {2171796 (2006j:57033)},
MRREVIEWER = {Shlomo Gelaki},
       DOI = {10.2140/agt.2005.5.865},
       URL = {http://dx.doi.org/10.2140/agt.2005.5.865},
}MR2171796

@article {CCG94,
    AUTHOR = {Cooper, D. and Culler, M. and Gillet, H. and Long, D. D. and
              Shalen, P. B.},
     TITLE = {Plane curves associated to character varieties of
              {$3$}-manifolds},
   JOURNAL = {Invent. Math.},
  FJOURNAL = {Inventiones Mathematicae},
    VOLUME = {118},
      YEAR = {1994},
    NUMBER = {1},
     PAGES = {47--84},
      ISSN = {0020-9910},
     CODEN = {INVMBH},
   MRCLASS = {57N10 (57M25)},
  MRNUMBER = {1288467 (95g:57029)},
MRREVIEWER = {Serge L. Tabachnikov},
       DOI = {10.1007/BF01231526},
       URL = {http://dx.doi.org/10.1007/BF01231526},
}MR1288467

@article {Obl04,
    AUTHOR = {Oblomkov, Alexei},
     TITLE = {Double affine {H}ecke algebras of rank 1 and affine cubic
              surfaces},
   JOURNAL = {Int. Math. Res. Not.},
  FJOURNAL = {International Mathematics Research Notices},
      YEAR = {2004},
    NUMBER = {18},
     PAGES = {877--912},
      ISSN = {1073-7928},
   MRCLASS = {20C08 (05E35 14R10)},
  MRNUMBER = {2037756 (2005j:20005)},
       DOI = {10.1155/S1073792804133072},
       URL = {http://dx.doi.org/10.1155/S1073792804133072},
}MR2037756

@article {Sah99,
    AUTHOR = {Sahi, Siddhartha},
     TITLE = {Nonsymmetric {K}oornwinder polynomials and duality},
   JOURNAL = {Ann. of Math. (2)},
  FJOURNAL = {Annals of Mathematics. Second Series},
    VOLUME = {150},
      YEAR = {1999},
    NUMBER = {1},
     PAGES = {267--282},
      ISSN = {0003-486X},
     CODEN = {ANMAAH},
   MRCLASS = {33D52 (20C08 33D80)},
  MRNUMBER = {1715325 (2002b:33018)},
MRREVIEWER = {Kenji Taniguchi},
       DOI = {10.2307/121102},
       URL = {http://dx.doi.org/10.2307/121102},
}MR1715325

@MISC {MO13,
    TITLE = {Complete knot invariant?},
    AUTHOR = {Samuelson, Peter},
    HOWPUBLISHED = {MathOverflow},
    NOTE = {URL:http://mathoverflow.net/q/35680 (version: 2010-08-15)},
    EPRINT = {http://mathoverflow.net/q/35680},
    URL = {http://mathoverflow.net/q/35680}
}% (http://mathoverflow.net/users/2669/peter-samuelson)},

@MISC {35687,
    TITLE = {Complete knot invariant?},
    AUTHOR = {Ian Agol},
    HOWPUBLISHED = {MathOverflow},
    NOTE = {URL:http://mathoverflow.net/q/35687 (version: 2010-08-16)},
    EPRINT = {http://mathoverflow.net/q/35687},
    URL = {http://mathoverflow.net/q/35687}
} (http://mathoverflow.net/users/1345/ian-agol)},

@article {Prz91,
    AUTHOR = {Przytycki, J{\'o}zef H.},
     TITLE = {Skein modules of {$3$}-manifolds},
   JOURNAL = {Bull. Polish Acad. Sci. Math.},
  FJOURNAL = {Bulletin of the Polish Academy of Sciences. Mathematics},
    VOLUME = {39},
      YEAR = {1991},
    NUMBER = {1-2},
     PAGES = {91--100},
      ISSN = {0239-7269},
     CODEN = {BAPMAM},
   MRCLASS = {57M25 (57N10)},
  MRNUMBER = {1194712 (94g:57011)},
}MR1194712

@article {SW07,
    AUTHOR = {Sikora, Adam S. and Westbury, Bruce W.},
     TITLE = {Confluence theory for graphs},
   JOURNAL = {Algebr. Geom. Topol.},
  FJOURNAL = {Algebraic \& Geometric Topology},
    VOLUME = {7},
      YEAR = {2007},
     PAGES = {439--478},
      ISSN = {1472-2747},
   MRCLASS = {57M15 (05C10 05C30 17B20)},
  MRNUMBER = {2308953 (2008f:57004)},
MRREVIEWER = {S. V. Duzhin},
       DOI = {10.2140/agt.2007.7.439},
       URL = {http://dx.doi.org/10.2140/agt.2007.7.439},
}MR2308953

@article {Gel02,
    AUTHOR = {Gelca, R{\u{a}}zvan},
     TITLE = {Non-commutative trigonometry and the {$A$}-polynomial of the
              trefoil knot},
   JOURNAL = {Math. Proc. Cambridge Philos. Soc.},
  FJOURNAL = {Mathematical Proceedings of the Cambridge Philosophical
              Society},
    VOLUME = {133},
      YEAR = {2002},
    NUMBER = {2},
     PAGES = {311--323},
      ISSN = {0305-0041},
     CODEN = {MPCPCO},
   MRCLASS = {57M27},
  MRNUMBER = {1912404 (2004c:57021)},
       DOI = {10.1017/S0305004102006047},
       URL = {http://dx.doi.org/10.1017/S0305004102006047},
}MR1912404

@ARTICLE{Che11,
   author = {{Cherednik}, I.},
    title = {Jones polynomials of torus knots via DAHA},
  journal = {ArXiv 1111.6195},
   eprint = {1111.6195},
 primaryClass = {math.QA},
 keywords = {Mathematics - Quantum Algebra, Mathematics - Algebraic Topology, Mathematics - Representation Theory},
     year = 2011,
    month = nov,
   adsurl = {http://adsabs.harvard.edu/abs/2011arXiv1111.6195C},
  adsnote = {Provided by the SAO/NASA Astrophysics Data System}
}2011arXiv1111.6195C

@ARTICLE{GN13,
   author = {{Gorsky}, E. and {Negut}, A.},
    title = {Refined knot invariants and {H}ilbert schemes},
  journal = {ArXiv 1304.3328},
archivePrefix = "arXiv",
   eprint = {1304.3328},
 primaryClass = "math.RT",
 keywords = {Mathematics - Representation Theory, High Energy Physics - Theory, Mathematics - Algebraic Geometry, Mathematics - Combinatorics},
     year = 2013,
    month = apr,
   adsurl = {http://adsabs.harvard.edu/abs/2013arXiv1304.3328G},
  adsnote = {Provided by the SAO/NASA Astrophysics Data System}
}2013arXiv1304.3328G

@ARTICLE{GO12,
   author = {{Gorsky}, E. and {Oblomkov}, A. and {Rasmussen}, J. and {Shende}, V.
	},
    title = {Torus knots and the rational DAHA},
  journal = {ArXiv 1207.4523},
archivePrefix = "arXiv",
   eprint = {1207.4523},
 primaryClass = "math.RT",
 keywords = {Mathematics - Representation Theory, High Energy Physics - Theory, Mathematics - Algebraic Geometry, Mathematics - Geometric Topology},
     year = 2012,
    month = jul,
   adsurl = {http://adsabs.harvard.edu/abs/2012arXiv1207.4523G},
  adsnote = {Provided by the SAO/NASA Astrophysics Data System}
}2012arXiv1207.4523G

@ARTICLE{AS11,
   author = {{Aganagic}, M. and {Shakirov}, S.},
    title = "{Knot Homology from Refined Chern-Simons Theory}",
  journal = {ArXiv 1105.5117},
archivePrefix = "arXiv",
   eprint = {1105.5117},
 primaryClass = "hep-th",
 keywords = {High Energy Physics - Theory, Mathematics - Algebraic Geometry, Mathematics - Geometric Topology, Mathematics - Representation Theory},
     year = 2011,
    month = may,
   adsurl = {http://adsabs.harvard.edu/abs/2011arXiv1105.5117A},
  adsnote = {Provided by the SAO/NASA Astrophysics Data System}
}2011arXiv1105.5117A

@ARTICLE{CM11,
   author = {{Charles}, L. and {Marche}, J.},
    title = "{Knot state asymptotics I, AJ Conjecture and abelian representations}",
  journal = {ArXiv 1107.1645},
archivePrefix = "arXiv",
   eprint = {1107.1645},
 primaryClass = "math.GT",
 keywords = {Mathematics - Geometric Topology, Mathematical Physics, Mathematics - Symplectic Geometry, 57M27, 57R56, 53D50},
     year = 2011,
    month = jul,
   adsurl = {http://adsabs.harvard.edu/abs/2011arXiv1107.1645C},
  adsnote = {Provided by the SAO/NASA Astrophysics Data System}
}2011arXiv1107.1645C



@article {KM91,
    AUTHOR = {Kirby, Robion and Melvin, Paul},
     TITLE = {The {$3$}-manifold invariants of {W}itten and
              {R}eshetikhin-{T}uraev for {${\rm sl}(2,{\bf C})$}},
   JOURNAL = {Invent. Math.},
  FJOURNAL = {Inventiones Mathematicae},
    VOLUME = {105},
      YEAR = {1991},
    NUMBER = {3},
     PAGES = {473--545},
      ISSN = {0020-9910},
     CODEN = {INVMBH},
   MRCLASS = {57M25 (17B37 57N10)},
  MRNUMBER = {1117149 (92e:57011)},
MRREVIEWER = {Louis H. Kauffman},
       DOI = {10.1007/BF01232277},
       URL = {http://dx.doi.org/10.1007/BF01232277},
}MR1117149

@incollection {AI83,
    AUTHOR = {Askey, R. and Ismail, Mourad E. H.},
     TITLE = {A generalization of ultraspherical polynomials},
 BOOKTITLE = {Studies in pure mathematics},
     PAGES = {55--78},
 PUBLISHER = {Birkh\"auser},
   ADDRESS = {Basel},
      YEAR = {1983},
   MRCLASS = {33A65},
  MRNUMBER = {820210 (87a:33015)},
MRREVIEWER = {W. A. Al-Salam},
}MR820210


@book {Bou68,
    AUTHOR = {Bourbaki, N.},
     TITLE = {\'{E}l\'ements de math\'ematique. {F}asc. {XXXIV}. {G}roupes
              et alg\`ebres de {L}ie. {C}hapitre {IV}: {G}roupes de
              {C}oxeter et syst\`emes de {T}its. {C}hapitre {V}: {G}roupes
              engendr\'es par des r\'eflexions. {C}hapitre {VI}: syst\`emes
              de racines},
    SERIES = {Actualit\'es Scientifiques et Industrielles, No. 1337},
 PUBLISHER = {Hermann},
   ADDRESS = {Paris},
      YEAR = {1968},
     PAGES = {288 pp. (loose errata)},
   MRCLASS = {22.50 (17.00)},
  MRNUMBER = {0240238 (39 \#1590)},
MRREVIEWER = {G. B. Seligman},
}MR0240238
		

@article {Cox34,
    AUTHOR = {Coxeter, H. S. M.},
     TITLE = {Discrete groups generated by reflections},
   JOURNAL = {Ann. of Math. (2)},
  FJOURNAL = {Annals of Mathematics. Second Series},
    VOLUME = {35},
      YEAR = {1934},
    NUMBER = {3},
     PAGES = {588--621},
      ISSN = {0003-486X},
     CODEN = {ANMAAH},
   MRCLASS = {Contributed Item},
  MRNUMBER = {1503182},
       DOI = {10.2307/1968753},
       URL = {http://dx.doi.org/10.2307/1968753},
}MR1503182


@incollection {Gor07,
    AUTHOR = {Gordon, Iain G.},
     TITLE = {Symplectic reflection alegebras},
 BOOKTITLE = {Trends in representation theory of algebras and related
              topics},
    SERIES = {EMS Ser. Congr. Rep.},
     PAGES = {285--347},
 PUBLISHER = {Eur. Math. Soc., Z\"urich},
      YEAR = {2008},
   MRCLASS = {16S99 (14C05 14L30 16S38)},
  MRNUMBER = {2484729 (2009m:16058)},
MRREVIEWER = {Volodymyr Mazorchuk},
       DOI = {10.4171/062-1/7},
       URL = {http://dx.doi.org/10.4171/062-1/7},
}MR2484729


@inproceedings {Gor10,
    AUTHOR = {Gordon, Iain G.},
     TITLE = {Rational {C}herednik algebras},
 BOOKTITLE = {Proceedings of the {I}nternational {C}ongress of
              {M}athematicians. {V}olume {III}},
     PAGES = {1209--1225},
 PUBLISHER = {Hindustan Book Agency},
   ADDRESS = {New Delhi},
      YEAR = {2010},
   MRCLASS = {16-02 (16G99 16S99 17B99 20C08 53Dxx)},
  MRNUMBER = {2827838},
}

@incollection {Rou05,
    AUTHOR = {Rouquier, Rapha{\"e}l},
     TITLE = {Representations of rational {C}herednik algebras},
 BOOKTITLE = {Infinite-dimensional aspects of representation theory and
              applications},
    SERIES = {Contemp. Math.},
    VOLUME = {392},
     PAGES = {103--131},
 PUBLISHER = {Amer. Math. Soc.},
   ADDRESS = {Providence, RI},
      YEAR = {2005},
   MRCLASS = {20C08 (14C05 16G30)},
  MRNUMBER = {2189874 (2007d:20006)},
MRREVIEWER = {Iain G. Gordon},
}

@book {Et07,
    AUTHOR = {Etingof, Pavel},
     TITLE = {Calogero-{M}oser systems and representation theory},
    SERIES = {Zurich Lectures in Advanced Mathematics},
 PUBLISHER = {European Mathematical Society (EMS), Z\"urich},
      YEAR = {2007},
     PAGES = {x+92},
      ISBN = {978-3-03719-034-0; 3-03719-034-0},
   MRCLASS = {53D17 (16G30 17B80 37J35 53D20 53D55 81R12)},
  MRNUMBER = {2296754 (2009k:53217)},
       DOI = {10.4171/034},
       URL = {http://dx.doi.org/10.4171/034},
}MR2296754
		



@article {Bul95,
    AUTHOR = {Bullock, Doug},
     TITLE = {The {$(2,\infty)$}-skein module of the complement of a
              {$(2,2p+1)$} torus knot},
   JOURNAL = {J. Knot Theory Ramifications},
  FJOURNAL = {Journal of Knot Theory and its Ramifications},
    VOLUME = {4},
      YEAR = {1995},
    NUMBER = {4},
     PAGES = {619--632},
      ISSN = {0218-2165},
   MRCLASS = {57M25},
  MRNUMBER = {1361084 (96j:57003)},
MRREVIEWER = {C. Kearton},
       DOI = {10.1142/S0218216595000260},
       URL = {http://dx.doi.org/10.1142/S0218216595000260},
}MR1361084

@article {BL05,
    AUTHOR = {Bullock, Doug and Lo Faro, Walter},
     TITLE = {The {K}auffman bracket skein module of a twist knot exterior},
   JOURNAL = {Algebr. Geom. Topol.},
  FJOURNAL = {Algebraic \& Geometric Topology},
    VOLUME = {5},
      YEAR = {2005},
     PAGES = {107--118 (electronic)},
      ISSN = {1472-2747},
   MRCLASS = {57M27},
  MRNUMBER = {2135547 (2006a:57012)},
MRREVIEWER = {Richard John Hadji},
       DOI = {10.2140/agt.2005.5.107},
       URL = {http://dx.doi.org/10.2140/agt.2005.5.107},
}MR2135547

@article {Gar08,
    AUTHOR = {Garoufalidis, Stavros},
     TITLE = {Difference and differential equations for the colored {J}ones
              function},
   JOURNAL = {J. Knot Theory Ramifications},
  FJOURNAL = {Journal of Knot Theory and its Ramifications},
    VOLUME = {17},
      YEAR = {2008},
    NUMBER = {4},
     PAGES = {495--510},
      ISSN = {0218-2165},
   MRCLASS = {57M27 (57M25 57N10)},
  MRNUMBER = {2414452 (2009c:57024)},
MRREVIEWER = {Christine Lescop},
       DOI = {10.1142/S0218216508006245},
       URL = {http://dx.doi.org/10.1142/S0218216508006245},
}MR2414452

@incollection {Hec91,
    AUTHOR = {Heckman, Gerrit J.},
     TITLE = {A remark on the {D}unkl differential-difference operators},
 BOOKTITLE = {Harmonic analysis on reductive groups ({B}runswick, {ME},
              1989)},
    SERIES = {Progr. Math.},
    VOLUME = {101},
     PAGES = {181--191},
 PUBLISHER = {Birkh\"auser Boston},
   ADDRESS = {Boston, MA},
      YEAR = {1991},
   MRCLASS = {20F55 (33C80 34K99 58F07)},
  MRNUMBER = {1168482 (94c:20075)},
MRREVIEWER = {Robert A. Gustafson},
}MR1168482

@article {Koo08,
    AUTHOR = {Koornwinder, Tom H.},
     TITLE = {Zhedanov's algebra {$\rm AW(3)$} and the double affine {H}ecke
              algebra in the rank one case. {II}. {T}he spherical
              subalgebra},
   JOURNAL = {SIGMA Symmetry Integrability Geom. Methods Appl.},
  FJOURNAL = {SIGMA. Symmetry, Integrability and Geometry. Methods and
              Applications},
    VOLUME = {4},
      YEAR = {2008},
     PAGES = {Paper 052, 17},
      ISSN = {1815-0659},
   MRCLASS = {33D80 (20C08)},
  MRNUMBER = {2425640 (2010e:33028)},
}MR2425640




@article {MS17,
	AUTHOR = {Morton, Hugh and Samuelson, Peter},
	TITLE = {The {HOMFLYPT} skein algebra of the torus and the elliptic
	{H}all algebra},
	JOURNAL = {Duke Math. J.},
	FJOURNAL = {Duke Mathematical Journal},
	VOLUME = {166},
	YEAR = {2017},
	NUMBER = {5},
	PAGES = {801--854},
	ISSN = {0012-7094},
	MRCLASS = {57M27 (16T20 81R10)},
	MRNUMBER = {3626565},
	MRREVIEWER = {Leandro Vendramin},
	DOI = {10.1215/00127094-3718881},
	URL = {https://doi.org/10.1215/00127094-3718881},
}

@article {BS11,
    AUTHOR = {Berest, Yuri and Samuelson, Peter},
     TITLE = {Double affine {Hecke} algebras and the {J}ones polynomial},
   JOURNAL = {In preparation, see www.math.cornell.edu/$\sim$psamuelson},
      YEAR = {2011},
       URL = {http://www.math.cornell.edu/~psamuelson/preprints.html},
}

@article {BST11,
    AUTHOR = {Berest, Yuri and Samuelson, Peter and Tang, Xiang},
     TITLE = {A note on {H}opfish algebras and the colored {J}ones polynomial},
   JOURNAL = {In preparation, see www.math.cornell.edu/$\sim$psamuelson},
      YEAR = {2011},
       URL = {http://www.math.cornell.edu/~psamuelson/preprints.html},
}

@article {Sam11c,
    AUTHOR = {Samuelson, Peter},
     TITLE = {Embeddings of universal enveloping algebras},
   JOURNAL = {In preparation},
      YEAR = {2011},
       URL = {http://www.math.cornell.edu/~psamuelson/preprints.html},
}

@article {GS11,
    AUTHOR = {Muller, Greg and Samuelson, Peter},
     TITLE = {Character algebras of decorated SL2(C) local systems},
   JOURNAL = {submitted to Algebr. Geom. Topol.},
      YEAR = {2011},
       URL = {http://arxiv.org/abs/1107.3329},
}


%%%%%ABOVE NEEDS TO BE SORTED


@article {Bar02,
    AUTHOR = {Bar-Natan, Dror},
     TITLE = {On {K}hovanov's categorification of the {J}ones polynomial},
   JOURNAL = {Algebr. Geom. Topol.},
  FJOURNAL = {Algebraic \& Geometric Topology},
    VOLUME = {2},
      YEAR = {2002},
     PAGES = {337--370 (electronic)},
      ISSN = {1472-2747},
   MRCLASS = {57M27},
  MRNUMBER = {MR1917056 (2003h:57014)},
MRREVIEWER = {Jacob Andrew Rasmussen},
       DOI = {10.2140/agt.2002.2.337},
       URL = {http://dx.doi.org/10.2140/agt.2002.2.337},
}MR1917056

@incollection {Bav93,
    AUTHOR = {Bavula, Vladimir},
     TITLE = {Generalized {W}eyl algebras, kernel and tensor-simple
              algebras, their simple modules},
 BOOKTITLE = {Representations of algebras ({O}ttawa, {ON}, 1992)},
    SERIES = {CMS Conf. Proc.},
    VOLUME = {14},
     PAGES = {83--107},
 PUBLISHER = {Amer. Math. Soc.},
   ADDRESS = {Providence, RI},
      YEAR = {1993},
   MRCLASS = {16S99 (16D60 16S32 17B10)},
  MRNUMBER = {1265277},
}MR1265277


@article {BRT10,
    AUTHOR = {Berest, Yuri and Ramadoss, Ajay and Tang, Xiang},
     TITLE = {The Picard Group of a Noncommutative algebraic Torus},
 JOURNAL = {Preprint, 1010.3779},
      YEAR = {2010},
URL = {http://arxiv.org/abs/1010.3779}
}

@incollection {BW04,
    AUTHOR = {Berest, Yuri and Wilson, George},
     TITLE = {Differential isomorphism and equivalence of algebraic
              varieties},
 BOOKTITLE = {Topology, geometry and quantum field theory},
    SERIES = {London Math. Soc. Lecture Note Ser.},
    VOLUME = {308},
     PAGES = {98--126},
 PUBLISHER = {Cambridge Univ. Press},
   ADDRESS = {Cambridge},
      YEAR = {2004},
   MRCLASS = {16S32 (13N10 14F05)},
  MRNUMBER = {2079372 (2005j:16022)},
MRREVIEWER = {Fran{\c{c}}ois Dumas},
       DOI = {10.1017/CBO9780511526398.007},
       URL = {http://dx.doi.org/10.1017/CBO9780511526398.007},
}MR2079372

@article {BC11,
    AUTHOR = {Berest, Yuri and Chalykh, Oleg},
     TITLE = {Quasi-invariants of complex reflection groups},
   JOURNAL = {Compos. Math.},
  FJOURNAL = {Compositio Mathematica},
    VOLUME = {147},
      YEAR = {2011},
    NUMBER = {3},
     PAGES = {965--1002},
      ISSN = {0010-437X},
   MRCLASS = {16Sxx (14Axx 17Bxx)},
  MRNUMBER = {2801407},
       DOI = {10.1112/S0010437X10005063},
       URL = {http://dx.doi.org/10.1112/S0010437X10005063},
}MR2801407


@article {Bla00,
    AUTHOR = {Blanchet, Christian},
     TITLE = {Hecke algebras, modular categories and {$3$}-manifolds quantum
              invariants},
   JOURNAL = {Topology},
  FJOURNAL = {Topology. An International Journal of Mathematics},
    VOLUME = {39},
      YEAR = {2000},
    NUMBER = {1},
     PAGES = {193--223},
      ISSN = {0040-9383},
     CODEN = {TPLGAF},
   MRCLASS = {57M27 (17B37 18D10 57N10)},
  MRNUMBER = {1710999 (2000i:57020)},
MRREVIEWER = {Justin D. Roberts},
       DOI = {10.1016/S0040-9383(98)00066-4},
       URL = {http://dx.doi.org/10.1016/S0040-9383(98)00066-4},
}MR1710999


@article {BFK99,
    AUTHOR = {Bullock, Doug and Frohman, Charles and Kania-Bartoszy{\'n}ska,
              Joanna},
     TITLE = {Understanding the {K}auffman bracket skein module},
   JOURNAL = {J. Knot Theory Ramifications},
  FJOURNAL = {Journal of Knot Theory and its Ramifications},
    VOLUME = {8},
      YEAR = {1999},
    NUMBER = {3},
     PAGES = {265--277},
      ISSN = {0218-2165},
   MRCLASS = {57M27 (57M25)},
  MRNUMBER = {1691437 (2000d:57012)},
MRREVIEWER = {R{\u{a}}zvan Gelca},
       DOI = {10.1142/S0218216599000183},
       URL = {http://dx.doi.org/10.1142/S0218216599000183},
}MR1691437

@article {BP00,
    AUTHOR = {Bullock, Doug and Przytycki, J{\'o}zef H.},
     TITLE = {Multiplicative structure of {K}auffman bracket skein module
              quantizations},
   JOURNAL = {Proc. Amer. Math. Soc.},
  FJOURNAL = {Proceedings of the American Mathematical Society},
    VOLUME = {128},
      YEAR = {2000},
    NUMBER = {3},
     PAGES = {923--931},
      ISSN = {0002-9939},
     CODEN = {PAMYAR},
   MRCLASS = {57M25},
  MRNUMBER = {1625701 (2000e:57007)},
MRREVIEWER = {Quach thi C{\^a}m V{\^a}n},
       DOI = {10.1090/S0002-9939-99-05043-1},
       URL = {http://dx.doi.org/10.1090/S0002-9939-99-05043-1},
}MR1625701


@book {BH95,
    AUTHOR = {Brumfiel, G. W. and Hilden, H. M.},
     TITLE = {{${\rm SL}(2)$} representations of finitely presented groups},
    SERIES = {Contemporary Mathematics},
    VOLUME = {187},
 PUBLISHER = {American Mathematical Society},
   ADDRESS = {Providence, RI},
      YEAR = {1995},
     PAGES = {viii+196},
      ISBN = {0-8218-0416-2},
   MRCLASS = {20C07},
  MRNUMBER = {1339764 (96g:20004)},
MRREVIEWER = {E. Formanek},
}MR1339764

@book {Bjo79,
    AUTHOR = {Bj{\"o}rk, J.-E.},
     TITLE = {Rings of differential operators},
    SERIES = {North-Holland Mathematical Library},
    VOLUME = {21},
 PUBLISHER = {North-Holland Publishing Co.},
   ADDRESS = {Amsterdam},
      YEAR = {1979},
     PAGES = {xvii+374},
      ISBN = {0-444-85292-1},
   MRCLASS = {32Bxx (16A08 32-02 35-02 46-02 58G07)},
  MRNUMBER = {549189 (82g:32013)},
MRREVIEWER = {A. Hirschowitz},
}MR549189

@article {BMR98,
    AUTHOR = {Brou{\'e}, Michel and Malle, Gunter and Rouquier, Rapha{\"e}l},
     TITLE = {Complex reflection groups, braid groups, {H}ecke algebras},
   JOURNAL = {J. Reine Angew. Math.},
  FJOURNAL = {Journal f\"ur die Reine und Angewandte Mathematik},
    VOLUME = {500},
      YEAR = {1998},
     PAGES = {127--190},
      ISSN = {0075-4102},
     CODEN = {JRMAA8},
   MRCLASS = {20F55 (20C05 20F36)},
  MRNUMBER = {1637497 (99m:20088)},
MRREVIEWER = {Arjeh M. Cohen},
       URL = {http://www.degruyter.de/journals/crelle/1998/pdf/500_127.pdf},
}MR1637497


@article {Bul97,
    AUTHOR = {Bullock, Doug},
     TITLE = {Rings of {${\rm SL}\sb 2({\bf C})$}-characters and the
              {K}auffman bracket skein module},
   JOURNAL = {Comment. Math. Helv.},
  FJOURNAL = {Commentarii Mathematici Helvetici},
    VOLUME = {72},
      YEAR = {1997},
    NUMBER = {4},
     PAGES = {521--542},
      ISSN = {0010-2571},
     CODEN = {COMHAX},
   MRCLASS = {57M25 (57N10)},
  MRNUMBER = {1600138 (98k:57008)},
MRREVIEWER = {Thang T. Q. Le},
       DOI = {10.1007/s000140050032},
       URL = {http://dx.doi.org/10.1007/s000140050032},
}MR1600138

@article {BFK99,
    AUTHOR = {Bullock, Doug and Frohman, Charles and Kania-Bartoszy{\'n}ska,
              Joanna},
     TITLE = {Understanding the {K}auffman bracket skein module},
   JOURNAL = {J. Knot Theory Ramifications},
  FJOURNAL = {Journal of Knot Theory and its Ramifications},
    VOLUME = {8},
      YEAR = {1999},
    NUMBER = {3},
     PAGES = {265--277},
      ISSN = {0218-2165},
   MRCLASS = {57M27 (57M25)},
  MRNUMBER = {1691437 (2000d:57012)},
MRREVIEWER = {R{\u{a}}zvan Gelca},
       DOI = {10.1142/S0218216599000183},
       URL = {http://dx.doi.org/10.1142/S0218216599000183},
}MR1691437

@incollection {BTW08,
    AUTHOR = {Blohmann, Christian and Tang, Xiang and Weinstein, Alan},
     TITLE = {Hopfish structure and modules over irrational rotation
              algebras},
 BOOKTITLE = {Non-commutative geometry in mathematics and physics},
    SERIES = {Contemp. Math.},
    VOLUME = {462},
     PAGES = {23--40},
 PUBLISHER = {Amer. Math. Soc.},
   ADDRESS = {Providence, RI},
      YEAR = {2008},
   MRCLASS = {16W30 (16D60)},
  MRNUMBER = {2444366 (2009i:16061)},
MRREVIEWER = {Gigel Militaru},
}MR2444366


@book {BZ03,
    AUTHOR = {Burde, Gerhard and Zieschang, Heiner},
     TITLE = {Knots},
    SERIES = {de Gruyter Studies in Mathematics},
    VOLUME = {5},
   EDITION = {Second},
 PUBLISHER = {Walter de Gruyter \& Co.},
   ADDRESS = {Berlin},
      YEAR = {2003},
     PAGES = {xii+559},
      ISBN = {3-11-017005-1},
   MRCLASS = {57M25 (57-02)},
  MRNUMBER = {1959408 (2003m:57005)},
}MR1959408


@article {BW00,
    AUTHOR = {Berest, Yuri and Wilson, George},
     TITLE = {Automorphisms and ideals of the {W}eyl algebra},
   JOURNAL = {Math. Ann.},
  FJOURNAL = {Mathematische Annalen},
    VOLUME = {318},
      YEAR = {2000},
    NUMBER = {1},
     PAGES = {127--147},
      ISSN = {0025-5831},
     CODEN = {MAANA},
   MRCLASS = {16S32 (14H70 16W20 37K20)},
  MRNUMBER = {1785579 (2001m:16036)},
MRREVIEWER = {Fran{\c{c}}ois Dumas},
       DOI = {10.1007/s002080000115},
       URL = {http://dx.doi.org/10.1007/s002080000115},
}MR1785579

@article {BW02,
    AUTHOR = {Berest, Yuri and Wilson, George},
     TITLE = {Ideal classes of the {W}eyl algebra and noncommutative
              projective geometry},
      NOTE = {With an appendix by Michel Van den Bergh},
   JOURNAL = {Int. Math. Res. Not.},
  FJOURNAL = {International Mathematics Research Notices},
      YEAR = {2002},
    NUMBER = {26},
     PAGES = {1347--1396},
      ISSN = {1073-7928},
   MRCLASS = {16S32 (14A22 14F05 16W50)},
  MRNUMBER = {1904791 (2003h:16040)},
MRREVIEWER = {Fran{\c{c}}ois Dumas},
       DOI = {10.1155/S1073792802108051},
       URL = {http://dx.doi.org/10.1155/S1073792802108051},
}MR1904791

@article {BEG03,
    AUTHOR = {Berest, Yuri and Etingof, Pavel and Ginzburg, Victor},
     TITLE = {Cherednik algebras and differential operators on
              quasi-invariants},
   JOURNAL = {Duke Math. J.},
  FJOURNAL = {Duke Mathematical Journal},
    VOLUME = {118},
      YEAR = {2003},
    NUMBER = {2},
     PAGES = {279--337},
      ISSN = {0012-7094},
     CODEN = {DUMJAO},
   MRCLASS = {16S32 (14A22 17B10)},
  MRNUMBER = {1980996 (2004f:16039)},
MRREVIEWER = {Ian M. Musson},
       DOI = {10.1215/S0012-7094-03-11824-4},
       URL = {http://dx.doi.org/10.1215/S0012-7094-03-11824-4},
}MR1980996


@article {BEG03b,
    AUTHOR = {Berest, Yuri and Etingof, Pavel and Ginzburg, Victor},
     TITLE = {Finite-dimensional representations of rational {C}herednik
              algebras},
   JOURNAL = {Int. Math. Res. Not.},
  FJOURNAL = {International Mathematics Research Notices},
      YEAR = {2003},
    NUMBER = {19},
     PAGES = {1053--1088},
      ISSN = {1073-7928},
   MRCLASS = {16S32 (16G10 20C08)},
  MRNUMBER = {1961261 (2004h:16027)},
MRREVIEWER = {Olivier G. Schiffmann},
       DOI = {10.1155/S1073792803210205},
       URL = {http://dx.doi.org/10.1155/S1073792803210205},
}MR1961261
		
@article {ES03,
    AUTHOR = {Etingof, Pavel and Strickland, Elisabetta},
     TITLE = {Lectures on quasi-invariants of {C}oxeter groups and the
              {C}herednik algebra},
   JOURNAL = {Enseign. Math. (2)},
  FJOURNAL = {L'Enseignement Math\'ematique. Revue Internationale. IIe
              S\'erie},
    VOLUME = {49},
      YEAR = {2003},
    NUMBER = {1-2},
     PAGES = {35--65},
      ISSN = {0013-8584},
     CODEN = {ENMAAR},
   MRCLASS = {20F55 (20C08 81R12)},
  MRNUMBER = {1998882 (2004h:20052)},
MRREVIEWER = {Graham C. Denham},
}MR1998882

@article {EG02,
    AUTHOR = {Etingof, Pavel and Ginzburg, Victor},
     TITLE = {Symplectic reflection algebras, {C}alogero-{M}oser space, and
              deformed {H}arish-{C}handra homomorphism},
   JOURNAL = {Invent. Math.},
  FJOURNAL = {Inventiones Mathematicae},
    VOLUME = {147},
      YEAR = {2002},
    NUMBER = {2},
     PAGES = {243--348},
      ISSN = {0020-9910},
     CODEN = {INVMBH},
   MRCLASS = {16S10 (14L30 17B66 17B80 20C08)},
  MRNUMBER = {1881922 (2003b:16021)},
MRREVIEWER = {Alexander Braverman},
       DOI = {10.1007/s002220100171},
       URL = {http://dx.doi.org/10.1007/s002220100171},
}MR1881922
		




@article {EG02b,
    AUTHOR = {Etingof, Pavel and Ginzburg, Victor},
     TITLE = {On {$m$}-quasi-invariants of a {C}oxeter group},
      NOTE = {Dedicated to Yuri I. Manin on the occasion of his 65th
              birthday},
   JOURNAL = {Mosc. Math. J.},
  FJOURNAL = {Moscow Mathematical Journal},
    VOLUME = {2},
      YEAR = {2002},
    NUMBER = {3},
     PAGES = {555--566},
      ISSN = {1609-3321},
   MRCLASS = {20F55 (13A50 81R12)},
  MRNUMBER = {1988972 (2004g:20052)},
MRREVIEWER = {Ivan V. Arzhantsev},
}MR1988972

@article {FV02,
    AUTHOR = {Feigin, M. and Veselov, A. P.},
     TITLE = {Quasi-invariants of {C}oxeter groups and {$m$}-harmonic
              polynomials},
   JOURNAL = {Int. Math. Res. Not.},
  FJOURNAL = {International Mathematics Research Notices},
      YEAR = {2002},
    NUMBER = {10},
     PAGES = {521--545},
      ISSN = {1073-7928},
   MRCLASS = {20F55 (13A50 17B66 20C08)},
  MRNUMBER = {1883902 (2003j:20067)},
MRREVIEWER = {G{\"o}tz Pfeiffer},
       DOI = {10.1155/S1073792802106064},
       URL = {http://dx.doi.org/10.1155/S1073792802106064},
}MR1883902

@article {GW03,
    AUTHOR = {Garsia, A. M. and Wallach, N. R.},
     TITLE = {Some new applications of orbit harmonics},
   JOURNAL = {S\'em. Lothar. Combin.},
  FJOURNAL = {S\'eminaire Lotharingien de Combinatoire},
    VOLUME = {50},
      YEAR = {2003/04},
     PAGES = {Art. B50j, 47 pp. (electronic)},
      ISSN = {1286-4889},
   MRCLASS = {13A50 (20F55)},
  MRNUMBER = {2118048 (2005k:13010)},
MRREVIEWER = {Dmitri I. Panyushev},
}MR2118048
		

@article {GW06,
    AUTHOR = {Garsia, A. M. and Wallach, N.},
     TITLE = {The non-degeneracy of the bilinear form of
              {$m$}-quasi-invariants},
   JOURNAL = {Adv. in Appl. Math.},
  FJOURNAL = {Advances in Applied Mathematics},
    VOLUME = {37},
      YEAR = {2006},
    NUMBER = {3},
     PAGES = {309--359},
      ISSN = {0196-8858},
   MRCLASS = {20F55 (05E15)},
  MRNUMBER = {2261177 (2007k:20081)},
MRREVIEWER = {Tsuyoshi Kato},
       DOI = {10.1016/j.aam.2005.07.006},
       URL = {http://dx.doi.org/10.1016/j.aam.2005.07.006},
}MR2261177

@article {BM08,
    AUTHOR = {Bandlow, Jason and Musiker, Gregg},
     TITLE = {A new characterization for the {$m$}-quasiinvariants of {$S_n$} and explicit basis for two row hook shapes},
   JOURNAL = {J. Combin. Theory Ser. A},
  FJOURNAL = {Journal of Combinatorial Theory. Series A},
    VOLUME = {115},
      YEAR = {2008},
    NUMBER = {8},
     PAGES = {1333--1357},
      ISSN = {0097-3165},
     CODEN = {JCBTA7},
   MRCLASS = {05E10 (13A50)},
  MRNUMBER = {2455582 (2009m:05194)},
MRREVIEWER = {G{\"o}tz Pfeiffer},
       DOI = {10.1016/j.jcta.2008.01.011},
       URL = {http://dx.doi.org/10.1016/j.jcta.2008.01.011},
}MR2455582


@article {BLF05,
    AUTHOR = {Bullock, Doug and Lo Faro, Walter},
     TITLE = {The {K}auffman bracket skein module of a twist knot exterior},
   JOURNAL = {Algebr. Geom. Topol.},
  FJOURNAL = {Algebraic \& Geometric Topology},
    VOLUME = {5},
      YEAR = {2005},
     PAGES = {107--118 (electronic)},
      ISSN = {1472-2747},
   MRCLASS = {57M27},
  MRNUMBER = {2135547 (2006a:57012)},
MRREVIEWER = {Richard John Hadji},
       DOI = {10.2140/agt.2005.5.107},
       URL = {http://dx.doi.org/10.2140/agt.2005.5.107},
}MR2135547

@article {BFK99,
    AUTHOR = {Bullock, Doug and Frohman, Charles and Kania-Bartoszy{\'n}ska,
              Joanna},
     TITLE = {Understanding the {K}auffman bracket skein module},
   JOURNAL = {J. Knot Theory Ramifications},
  FJOURNAL = {Journal of Knot Theory and its Ramifications},
    VOLUME = {8},
      YEAR = {1999},
    NUMBER = {3},
     PAGES = {265--277},
      ISSN = {0218-2165},
   MRCLASS = {57M27 (57M25)},
  MRNUMBER = {1691437 (2000d:57012)},
MRREVIEWER = {R{\u{a}}zvan Gelca},
       DOI = {10.1142/S0218216599000183},
       URL = {http://dx.doi.org/10.1142/S0218216599000183},
}MR1691437

@article {CV90,
    AUTHOR = {Chalykh, O. A. and Veselov, A. P.},
     TITLE = {Commutative rings of partial differential operators and {L}ie
              algebras},
   JOURNAL = {Comm. Math. Phys.},
  FJOURNAL = {Communications in Mathematical Physics},
    VOLUME = {126},
      YEAR = {1990},
    NUMBER = {3},
     PAGES = {597--611},
      ISSN = {0010-3616},
     CODEN = {CMPHAY},
   MRCLASS = {58F07 (17B65)},
  MRNUMBER = {1032875 (91g:58106)},
MRREVIEWER = {Allan P. Fordy},
       URL = {http://projecteuclid.org/getRecord?id=euclid.cmp/1104179957},
}MR1032875

@article {CV93,
    AUTHOR = {Chalykh, Oleg A. and Veselov, Alexander P.},
     TITLE = {Integrability in the theory of {S}chr\"odinger operator and
              harmonic analysis},
   JOURNAL = {Comm. Math. Phys.},
  FJOURNAL = {Communications in Mathematical Physics},
    VOLUME = {152},
      YEAR = {1993},
    NUMBER = {1},
     PAGES = {29--40},
      ISSN = {0010-3616},
     CODEN = {CMPHAY},
   MRCLASS = {58F19 (33C80 35J10 58F07 81Q10)},
  MRNUMBER = {1207668 (94a:58160)},
MRREVIEWER = {Daniel B{\"a}ttig},
       URL = {http://projecteuclid.org/getRecord?id=euclid.cmp/1104252308},
}MR1207668
	

@article {VSC93,
    AUTHOR = {Veselov, A. P. and Styrkas, K. L. and Chalykh, O. A.},
     TITLE = {Algebraic integrability for the {S}chr\"odinger equation, and
              groups generated by reflections},
   JOURNAL = {Teoret. Mat. Fiz.},
  FJOURNAL = {Rossi\u\i skaya Akademiya Nauk. Teoreticheskaya i
              Matematicheskaya Fizika},
    VOLUME = {94},
      YEAR = {1993},
    NUMBER = {2},
     PAGES = {253--275},
      ISSN = {0564-6162},
   MRCLASS = {35Q40 (33C80 35Q53 58F07 81Q10)},
  MRNUMBER = {1221735 (94j:35151)},
MRREVIEWER = {S. I. Gel{\cprime}fand},
       DOI = {10.1007/BF01019330},
       URL = {http://dx.doi.org/10.1007/BF01019330},
}MR1221735
		

@article {Che92,
    AUTHOR = {Cherednik, Ivan},
     TITLE = {Double affine {H}ecke algebras, {K}nizhnik-{Z}amolodchikov
              equations, and {M}acdonald's operators},
   JOURNAL = {Internat. Math. Res. Notices},
  FJOURNAL = {International Mathematics Research Notices},
      YEAR = {1992},
    NUMBER = {9},
     PAGES = {171--180},
      ISSN = {1073-7928},
   MRCLASS = {17B67 (17B37 20G99)},
  MRNUMBER = {1185831 (94b:17040)},
MRREVIEWER = {Jie Du},
       DOI = {10.1155/S1073792892000199},
       URL = {http://dx.doi.org/10.1155/S1073792892000199},
}MR1185831

@book {Che05,
    AUTHOR = {Cherednik, Ivan},
     TITLE = {Double affine {H}ecke algebras},
    SERIES = {London Mathematical Society Lecture Note Series},
    VOLUME = {319},
 PUBLISHER = {Cambridge University Press},
   ADDRESS = {Cambridge},
      YEAR = {2005},
     PAGES = {xii+434},
      ISBN = {0-521-60918-6},
   MRCLASS = {32G34 (05E15 11L05 17B20 20C08 33D52 33D80)},
  MRNUMBER = {2133033 (2007e:32012)},
}MR2133033


@article {CMW09,
    AUTHOR = {Clark, David and Morrison, Scott and Walker, Kevin},
     TITLE = {Fixing the functoriality of {K}hovanov homology},
   JOURNAL = {Geom. Topol.},
  FJOURNAL = {Geometry \& Topology},
    VOLUME = {13},
      YEAR = {2009},
    NUMBER = {3},
     PAGES = {1499--1582},
      ISSN = {1465-3060},
   MRCLASS = {57M27},
  MRNUMBER = {MR2496052},
       DOI = {10.2140/gt.2009.13.1499},
       URL = {http://dx.doi.org/10.2140/gt.2009.13.1499},
}MR2496052

@article {CPS88,
    AUTHOR = {Cline, E. and Parshall, B. and Scott, L.},
     TITLE = {Finite-dimensional algebras and highest weight categories},
   JOURNAL = {J. Reine Angew. Math.},
  FJOURNAL = {Journal f\"ur die Reine und Angewandte Mathematik},
    VOLUME = {391},
      YEAR = {1988},
     PAGES = {85--99},
      ISSN = {0075-4102},
     CODEN = {JRMAA8},
   MRCLASS = {18E30 (16A46 17B10 20G05 32C38)},
  MRNUMBER = {961165 (90d:18005)},
MRREVIEWER = {Dieter Happel},
}MR961165


@article {CS83,
    AUTHOR = {Culler, Marc and Shalen, Peter B.},
     TITLE = {Varieties of group representations and splittings of
              {$3$}-manifolds},
   JOURNAL = {Ann. of Math. (2)},
  FJOURNAL = {Annals of Mathematics. Second Series},
    VOLUME = {117},
      YEAR = {1983},
    NUMBER = {1},
     PAGES = {109--146},
      ISSN = {0003-486X},
     CODEN = {ANMAAH},
   MRCLASS = {57N10},
  MRNUMBER = {683804 (84k:57005)},
MRREVIEWER = {G. Peter Scott},
       DOI = {10.2307/2006973},
       URL = {http://dx.doi.org/10.2307/2006973},
}MR683804


@book {Dim92,
    AUTHOR = {Dimca, Alexandru},
     TITLE = {Singularities and topology of hypersurfaces},
    SERIES = {Universitext},
 PUBLISHER = {Springer-Verlag},
   ADDRESS = {New York},
      YEAR = {1992},
     PAGES = {xvi+263},
      ISBN = {0-387-97709-0},
   MRCLASS = {32Sxx (14J70 32S25 32S50 57M25 57R45 58C27)},
  MRNUMBER = {1194180 (94b:32058)},
MRREVIEWER = {Aleksandr G. Aleksandrov},
}MR1194180

@book {Dim04,
    AUTHOR = {Dimca, Alexandru},
     TITLE = {Sheaves in topology},
    SERIES = {Universitext},
 PUBLISHER = {Springer-Verlag},
   ADDRESS = {Berlin},
      YEAR = {2004},
     PAGES = {xvi+236},
      ISBN = {3-540-20665-5},
   MRCLASS = {55N30 (14F43 32S60 55N25)},
  MRNUMBER = {2050072 (2005j:55002)},
MRREVIEWER = {Ana Jerem{\'{\i}}as L{\'o}pez},
}MR2050072

@article {Dun89,
    AUTHOR = {Dunkl, Charles F.},
     TITLE = {Differential-difference operators associated to reflection
              groups},
   JOURNAL = {Trans. Amer. Math. Soc.},
  FJOURNAL = {Transactions of the American Mathematical Society},
    VOLUME = {311},
      YEAR = {1989},
    NUMBER = {1},
     PAGES = {167--183},
      ISSN = {0002-9947},
     CODEN = {TAMTAM},
   MRCLASS = {33A45 (20H15 33A65 42C10 51F15)},
  MRNUMBER = {951883 (90k:33027)},
MRREVIEWER = {W. A. Al-Salam},
       DOI = {10.2307/2001022},
       URL = {http://dx.doi.org/10.2307/2001022},
}MR951883

@article {DO03,
    AUTHOR = {Dunkl, C. F. and Opdam, E. M.},
     TITLE = {Dunkl operators for complex reflection groups},
   JOURNAL = {Proc. London Math. Soc. (3)},
  FJOURNAL = {Proceedings of the London Mathematical Society. Third Series},
    VOLUME = {86},
      YEAR = {2003},
    NUMBER = {1},
     PAGES = {70--108},
      ISSN = {0024-6115},
     CODEN = {PLMTAL},
   MRCLASS = {20F55 (05E05 18G35 33C52 33C80)},
  MRNUMBER = {1971464 (2004d:20040)},
MRREVIEWER = {Ivan V. Arzhantsev},
       DOI = {10.1112/S0024611502013825},
       URL = {http://dx.doi.org/10.1112/S0024611502013825},
}MR1971464


@article {FG00,
    AUTHOR = {Frohman, Charles and Gelca, R{\u{a}}zvan},
     TITLE = {Skein modules and the noncommutative torus},
   JOURNAL = {Trans. Amer. Math. Soc.},
  FJOURNAL = {Transactions of the American Mathematical Society},
    VOLUME = {352},
      YEAR = {2000},
    NUMBER = {10},
     PAGES = {4877--4888},
      ISSN = {0002-9947},
     CODEN = {TAMTAM},
   MRCLASS = {57M25 (46L87 57M27 58B34)},
  MRNUMBER = {MR1675190 (2001b:57014)},
MRREVIEWER = {Justin D. Roberts},
       DOI = {10.1090/S0002-9947-00-02512-5},
       URL = {http://dx.doi.org/10.1090/S0002-9947-00-02512-5},
}MR1675190

@article {FST08,
    AUTHOR = {Fomin, Sergey and Shapiro, Michael and Thurston, Dylan},
     TITLE = {Cluster algebras and triangulated surfaces. {I}. {C}luster
              complexes},
   JOURNAL = {Acta Math.},
  FJOURNAL = {Acta Mathematica},
    VOLUME = {201},
      YEAR = {2008},
    NUMBER = {1},
     PAGES = {83--146},
      ISSN = {0001-5962},
     CODEN = {ACMAA8},
   MRCLASS = {57Q15 (13F60 32G15 52B70)},
  MRNUMBER = {2448067 (2010b:57032)},
MRREVIEWER = {Christof Gei{\ss}},
       DOI = {10.1007/s11511-008-0030-7},
       URL = {http://dx.doi.org/10.1007/s11511-008-0030-7},
}MR2448067

@article {FZ02,
    AUTHOR = {Fomin, Sergey and Zelevinsky, Andrei},
     TITLE = {Cluster algebras. {I}. {F}oundations},
   JOURNAL = {J. Amer. Math. Soc.},
  FJOURNAL = {Journal of the American Mathematical Society},
    VOLUME = {15},
      YEAR = {2002},
    NUMBER = {2},
     PAGES = {497--529 (electronic)},
      ISSN = {0894-0347},
   MRCLASS = {16S99 (14M99 17B99)},
  MRNUMBER = {1887642 (2003f:16050)},
MRREVIEWER = {Eric N. Sommers},
       DOI = {10.1090/S0894-0347-01-00385-X},
       URL = {http://dx.doi.org/10.1090/S0894-0347-01-00385-X},
}MR1887642


@inproceedings {Gar04,
    AUTHOR = {Garoufalidis, Stavros},
     TITLE = {On the characteristic and deformation varieties of a knot},
 BOOKTITLE = {Proceedings of the {C}asson {F}est},
    SERIES = {Geom. Topol. Monogr.},
    VOLUME = {7},
     PAGES = {291--309 (electronic)},
 PUBLISHER = {Geom. Topol. Publ., Coventry},
      YEAR = {2004},
   MRCLASS = {57M27 (57M25 57N10)},
  MRNUMBER = {2172488 (2006j:57028)},
MRREVIEWER = {R{\u{a}}zvan Gelca},
}MR2172488

@article {GGOR03,
    AUTHOR = {Ginzburg, Victor and Guay, Nicolas and Opdam, Eric and
              Rouquier, Rapha{\"e}l},
     TITLE = {On the category {$\mathcal O$} for rational {C}herednik algebras},
   JOURNAL = {Invent. Math.},
  FJOURNAL = {Inventiones Mathematicae},
    VOLUME = {154},
      YEAR = {2003},
    NUMBER = {3},
     PAGES = {617--651},
      ISSN = {0020-9910},
     CODEN = {INVMBH},
   MRCLASS = {20C08 (20F55)},
  MRNUMBER = {2018786 (2005f:20010)},
MRREVIEWER = {Iain G. Gordon},
       DOI = {10.1007/s00222-003-0313-8},
       URL = {http://dx.doi.org/10.1007/s00222-003-0313-8},
}MR2018786



@article {GSV05,
    AUTHOR = {Gekhtman, Michael and Shapiro, Michael and Vainshtein, Alek},
     TITLE = {Cluster algebras and {W}eil-{P}etersson forms},
   JOURNAL = {Duke Math. J.},
  FJOURNAL = {Duke Mathematical Journal},
    VOLUME = {127},
      YEAR = {2005},
    NUMBER = {2},
     PAGES = {291--311},
      ISSN = {0012-7094},
     CODEN = {DUMJAO},
   MRCLASS = {53D17 (32G15 53D30)},
  MRNUMBER = {2130414 (2006d:53103)},
       DOI = {10.1215/S0012-7094-04-12723-X},
       URL = {http://dx.doi.org/10.1215/S0012-7094-04-12723-X},
}MR2130414


@article {Gel02,
    AUTHOR = {Gelca, R{\u{a}}zvan},
     TITLE = {Non-commutative trigonometry and the {$A$}-polynomial of the
              trefoil knot},
   JOURNAL = {Math. Proc. Cambridge Philos. Soc.},
  FJOURNAL = {Mathematical Proceedings of the Cambridge Philosophical
              Society},
    VOLUME = {133},
      YEAR = {2002},
    NUMBER = {2},
     PAGES = {311--323},
      ISSN = {0305-0041},
     CODEN = {MPCPCO},
   MRCLASS = {57M27},
  MRNUMBER = {1912404 (2004c:57021)},
       DOI = {10.1017/S0305004102006047},
       URL = {http://dx.doi.org/10.1017/S0305004102006047},
}MR1912404

%%GL05
@article {GL05, 
    AUTHOR = "Garoufalidis, Stavros and L{\^e}, Thang T. Q.",
     TITLE = {The colored {J}ones function is {$q$}-holonomic},
   JOURNAL = {Geom. Topol.},
  FJOURNAL = {Geometry and Topology},
    VOLUME = {9},
      YEAR = {2005},
     PAGES = {1253--1293 (electronic)},
      ISSN = {1465-3060},
   MRCLASS = {57M27 (33D15 33F10 57M25 57N10)},
  MRNUMBER = {2174266 (2006j:57029)},
MRREVIEWER = {Vladimir V. Tchernov},
       DOI = {10.2140/gt.2005.9.1253},
       URL = {http://dx.doi.org/10.2140/gt.2005.9.1253},
}MR2174266

@article {GL89,
    AUTHOR = {Gordon, C. McA. and Luecke, J.},
     TITLE = {Knots are determined by their complements},
   JOURNAL = {J. Amer. Math. Soc.},
  FJOURNAL = {Journal of the American Mathematical Society},
    VOLUME = {2},
      YEAR = {1989},
    NUMBER = {2},
     PAGES = {371--415},
      ISSN = {0894-0347},
   MRCLASS = {57M25 (57M40)},
  MRNUMBER = {965210 (90a:57006a)},
MRREVIEWER = {Martin Scharlemann},
       DOI = {10.2307/1990979},
       URL = {http://dx.doi.org/10.2307/1990979},
}MR965210

@article {Gol84,
    AUTHOR = {Goldman, William M.},
     TITLE = {The symplectic nature of fundamental groups of surfaces},
   JOURNAL = {Adv. in Math.},
  FJOURNAL = {Advances in Mathematics},
    VOLUME = {54},
      YEAR = {1984},
    NUMBER = {2},
     PAGES = {200--225},
      ISSN = {0001-8708},
     CODEN = {ADMTA4},
   MRCLASS = {32G15 (57M05)},
  MRNUMBER = {762512 (86i:32042)},
MRREVIEWER = {C. Earle},
       DOI = {10.1016/0001-8708(84)90040-9},
       URL = {http://dx.doi.org/10.1016/0001-8708(84)90040-9},
}MR762512


@article {GT05,
    AUTHOR = {Garoufalidis, Stavros and L{\^e}, Thang T. Q.},
     TITLE = {The colored {J}ones function is {$q$}-holonomic},
   JOURNAL = {Geom. Topol.},
  FJOURNAL = {Geometry and Topology},
    VOLUME = {9},
      YEAR = {2005},
     PAGES = {1253--1293 (electronic)},
      ISSN = {1465-3060},
   MRCLASS = {57M27 (33D15 33F10 57M25 57N10)},
  MRNUMBER = {2174266 (2006j:57029)},
MRREVIEWER = {Vladimir V. Tchernov},
       DOI = {10.2140/gt.2005.9.1253},
       URL = {http://dx.doi.org/10.2140/gt.2005.9.1253},
}MR2174266

@article {GL97,
    AUTHOR = {Geck, Meinolf and Lambropoulou, Sofia},
     TITLE = {Markov traces and knot invariants related to {I}wahori-{H}ecke
              algebras of type {$B$}},
   JOURNAL = {J. Reine Angew. Math.},
  FJOURNAL = {Journal f\"ur die Reine und Angewandte Mathematik},
    VOLUME = {482},
      YEAR = {1997},
     PAGES = {191--213},
      ISSN = {0075-4102},
     CODEN = {JRMAA8},
   MRCLASS = {57M25 (20C15 20F55)},
  MRNUMBER = {1427662 (97m:57005)},
MRREVIEWER = {G{\"o}tz Pfeiffer},
}MR1427662



@incollection {Hod89,
    AUTHOR = {Hodges, Timothy J.},
     TITLE = {{$K$}-theory of {N}oetherian rings},
 BOOKTITLE = {S\'eminaire d'{A}lg\`ebre {P}aul {D}ubreil et {M}arie-{P}aul
              {M}alliavin, 39\`eme {A}nn\'ee ({P}aris, 1987/1988)},
    SERIES = {Lecture Notes in Math.},
    VOLUME = {1404},
     PAGES = {246--268},
 PUBLISHER = {Springer},
   ADDRESS = {Berlin},
      YEAR = {1989},
   MRCLASS = {16A54 (19A49)},
  MRNUMBER = {MR1035228 (90m:16028)},
MRREVIEWER = {Charles Weibel},
}MR1035228

@book {Hum78,
    AUTHOR = {Humphreys, James E.},
     TITLE = {Introduction to {L}ie algebras and representation theory},
    SERIES = {Graduate Texts in Mathematics},
    VOLUME = {9},
      NOTE = {Second printing, revised},
 PUBLISHER = {Springer-Verlag},
   ADDRESS = {New York},
      YEAR = {1978},
     PAGES = {xii+171},
      ISBN = {0-387-90053-5},
   MRCLASS = {17Bxx},
  MRNUMBER = {499562 (81b:17007)},
MRREVIEWER = {I. P. Shestakov},
}MR499562

@book {Hum08,
    AUTHOR = {Humphreys, James E.},
     TITLE = {Representations of semisimple {L}ie algebras in the {BGG}
              category {$\mathcal{O}$}},
    SERIES = {Graduate Studies in Mathematics},
    VOLUME = {94},
 PUBLISHER = {American Mathematical Society},
   ADDRESS = {Providence, RI},
      YEAR = {2008},
     PAGES = {xvi+289},
      ISBN = {978-0-8218-4678-0},
   MRCLASS = {17B10},
  MRNUMBER = {2428237 (2009f:17013)},
MRREVIEWER = {Serge M. Skryabin},
}MR2428237


@article {Jon87,
    AUTHOR = {Jones, V. F. R.},
     TITLE = {Hecke algebra representations of braid groups and link
              polynomials},
   JOURNAL = {Ann. of Math. (2)},
  FJOURNAL = {Annals of Mathematics. Second Series},
    VOLUME = {126},
      YEAR = {1987},
    NUMBER = {2},
     PAGES = {335--388},
      ISSN = {0003-486X},
     CODEN = {ANMAAH},
   MRCLASS = {46L99 (20F36 22D25 46L35 46L55 57M25)},
  MRNUMBER = {908150 (89c:46092)},
MRREVIEWER = {Pierre de la Harpe},
       DOI = {10.2307/1971403},
       URL = {http://dx.doi.org/10.2307/1971403},
}MR908150

@article {Jos82,
    AUTHOR = {Joseph, A.},
     TITLE = {The {E}nright functor on the {B}ernstein-{G}elfand-{G}elfand category {${\mathcal O}$}},
   JOURNAL = {Invent. Math.},
  FJOURNAL = {Inventiones Mathematicae},
    VOLUME = {67},
      YEAR = {1982},
    NUMBER = {3},
     PAGES = {423--445},
      ISSN = {0020-9910},
     CODEN = {INVMBH},
   MRCLASS = {17B10 (17B35 22E47)},
  MRNUMBER = {664114 (84j:17005)},
       DOI = {10.1007/BF01398930},
       URL = {http://dx.doi.org/10.1007/BF01398930},
}MR664114


@book {Kir84,
    AUTHOR = {Kirwan, Frances Clare},
     TITLE = {Cohomology of quotients in symplectic and algebraic geometry},
    SERIES = {Mathematical Notes},
    VOLUME = {31},
 PUBLISHER = {Princeton University Press},
   ADDRESS = {Princeton, NJ},
      YEAR = {1984},
     PAGES = {i+211},
      ISBN = {0-691-08370-3},
   MRCLASS = {58F05 (14D25 14L30)},
  MRNUMBER = {766741 (86i:58050)},
MRREVIEWER = {Martin A. Guest},
}MR766741

@article {Le06,
    AUTHOR = {L{\^e}, Thang T. Q.},
     TITLE = {The colored {J}ones polynomial and the {$A$}-polynomial of
              knots},
   JOURNAL = {Adv. Math.},
  FJOURNAL = {Advances in Mathematics},
    VOLUME = {207},
      YEAR = {2006},
    NUMBER = {2},
     PAGES = {782--804},
      ISSN = {0001-8708},
     CODEN = {ADMTA4},
   MRCLASS = {57M27},
  MRNUMBER = {2271986 (2007k:57021)},
MRREVIEWER = {Gabriel Indurskis},
       DOI = {10.1016/j.aim.2006.01.006},
       URL = {http://dx.doi.org/10.1016/j.aim.2006.01.006},
}MR2271986


@article {Lor85,
    AUTHOR = {Lorenz, Martin},
     TITLE = {{$K\sb 0$} of skew group rings and simple {N}oetherian rings
              without idempotents},
   JOURNAL = {J. London Math. Soc. (2)},
  FJOURNAL = {Journal of the London Mathematical Society. Second Series},
    VOLUME = {32},
      YEAR = {1985},
    NUMBER = {1},
     PAGES = {41--50},
      ISSN = {0024-6107},
     CODEN = {JLMSAK},
   MRCLASS = {18F25 (16A19 19A13 19A49)},
  MRNUMBER = {MR813383 (87g:18011)},
MRREVIEWER = {Bruce A. Magurn},
       DOI = {10.1112/jlms/s2-32.1.41},
       URL = {http://dx.doi.org/10.1112/jlms/s2-32.1.41},
}MR813383

@article {LM85,
    AUTHOR = {Lubotzky, Alexander and Magid, Andy R.},
     TITLE = {Varieties of representations of finitely generated groups},
   JOURNAL = {Mem. Amer. Math. Soc.},
  FJOURNAL = {Memoirs of the American Mathematical Society},
    VOLUME = {58},
      YEAR = {1985},
    NUMBER = {336},
     PAGES = {xi+117},
      ISSN = {0065-9266},
     CODEN = {MAMCAU},
   MRCLASS = {20C15 (14D20)},
  MRNUMBER = {818915 (87c:20021)},
MRREVIEWER = {Avner Ash},
}MR818915


@article {Kai01,
    AUTHOR = {Kaiser, Uwe},
     TITLE = {Presentations of homotopy skein modules of oriented
              3-manifolds},
   JOURNAL = {J. Knot Theory Ramifications},
  FJOURNAL = {Journal of Knot Theory and its Ramifications},
    VOLUME = {10},
      YEAR = {2001},
    NUMBER = {3},
     PAGES = {461--491},
      ISSN = {0218-2165},
   MRCLASS = {57M25 (57N10)},
  MRNUMBER = {1825969 (2002g:57011)},
MRREVIEWER = {Sergej V. Matveev},
       DOI = {10.1142/S0218216501000962},
       URL = {http://dx.doi.org/10.1142/S0218216501000962},
}MR1825969

@article {Kho00,
    AUTHOR = {Khovanov, Mikhail},
     TITLE = {A categorification of the {J}ones polynomial},
   JOURNAL = {Duke Math. J.},
  FJOURNAL = {Duke Mathematical Journal},
    VOLUME = {101},
      YEAR = {2000},
    NUMBER = {3},
     PAGES = {359--426},
      ISSN = {0012-7094},
     CODEN = {DUMJAO},
   MRCLASS = {57M27 (57R56)},
  MRNUMBER = {MR1740682 (2002j:57025)},
       DOI = {10.1215/S0012-7094-00-10131-7},
       URL = {http://dx.doi.org/10.1215/S0012-7094-00-10131-7},
}MR1740682

@article {MM95,
    AUTHOR = {Melvin, P. M. and Morton, H. R.},
     TITLE = {The coloured {J}ones function},
   JOURNAL = {Comm. Math. Phys.},
  FJOURNAL = {Communications in Mathematical Physics},
    VOLUME = {169},
      YEAR = {1995},
    NUMBER = {3},
     PAGES = {501--520},
      ISSN = {0010-3616},
     CODEN = {CMPHAY},
   MRCLASS = {57M25},
  MRNUMBER = {1328734 (96g:57012)},
MRREVIEWER = {Gretchen Wright},
       URL = {http://projecteuclid.org/getRecord?id=euclid.cmp/1104272852},
}MR1328734



@book {Mon80,
    AUTHOR = {Montgomery, Susan},
     TITLE = {Fixed rings of finite automorphism groups of associative
              rings},
    SERIES = {Lecture Notes in Mathematics},
    VOLUME = {818},
 PUBLISHER = {Springer},
   ADDRESS = {Berlin},
      YEAR = {1980},
     PAGES = {vii+126},
      ISBN = {3-540-10232-9},
   MRCLASS = {16A74 (16A72)},
  MRNUMBER = {MR590245 (81j:16041)},
MRREVIEWER = {Donald S. Passman},
}MR590245

@book {MR01,
    AUTHOR = {McConnell, J. C. and Robson, J. C.},
     TITLE = {Noncommutative {N}oetherian rings},
    SERIES = {Graduate Studies in Mathematics},
    VOLUME = {30},
   EDITION = {Revised},
      NOTE = {With the cooperation of L. W. Small},
 PUBLISHER = {American Mathematical Society},
   ADDRESS = {Providence, RI},
      YEAR = {2001},
     PAGES = {xx+636},
      ISBN = {0-8218-2169-5},
   MRCLASS = {16P40 (16-02)},
  MRNUMBER = {MR1811901 (2001i:16039)},
}MR1811901

@article {OP83,
    AUTHOR = {Olshanetsky, M. A. and Perelomov, A. M.},
     TITLE = {Quantum integrable systems related to {L}ie algebras},
   JOURNAL = {Phys. Rep.},
  FJOURNAL = {Physics Reports. A Review Section of Physics Letters},
    VOLUME = {94},
      YEAR = {1983},
    NUMBER = {6},
     PAGES = {313--404},
      ISSN = {0370-1573},
     CODEN = {PRPLCM},
   MRCLASS = {81-02 (17-02 22E60 58F07 58G25 81C05 81D99)},
  MRNUMBER = {708017 (84k:81007)},
MRREVIEWER = {Martin C. Gutzwiller},
       DOI = {10.1016/0370-1573(83)90018-2},
       URL = {http://dx.doi.org/10.1016/0370-1573(83)90018-2},
}MR708017


@article {Opd93,
    AUTHOR = {Opdam, E. M.},
     TITLE = {Dunkl operators, {B}essel functions and the discriminant of a
              finite {C}oxeter group},
   JOURNAL = {Compositio Math.},
  FJOURNAL = {Compositio Mathematica},
    VOLUME = {85},
      YEAR = {1993},
    NUMBER = {3},
     PAGES = {333--373},
      ISSN = {0010-437X},
     CODEN = {CMPMAF},
   MRCLASS = {33C80 (20F55 39A70)},
  MRNUMBER = {1214452 (95j:33044)},
       URL = {http://www.numdam.org/item?id=CM_1993__85_3_333_0},
}MR1214452

@article {Opd95,
    AUTHOR = {Opdam, E. M.},
     TITLE = {A remark on the irreducible characters and fake degrees of
              finite real reflection groups},
   JOURNAL = {Invent. Math.},
  FJOURNAL = {Inventiones Mathematicae},
    VOLUME = {120},
      YEAR = {1995},
    NUMBER = {3},
     PAGES = {447--454},
      ISSN = {0020-9910},
     CODEN = {INVMBH},
   MRCLASS = {20C15},
  MRNUMBER = {1334480 (96e:20011)},
MRREVIEWER = {V. L. Popov},
       DOI = {10.1007/BF01241138},
       URL = {http://dx.doi.org/10.1007/BF01241138},
}MR1334480


@book {Opd00,
    AUTHOR = {Opdam, Eric M.},
     TITLE = {Lecture notes on {D}unkl operators for real and complex
              reflection groups},
    SERIES = {MSJ Memoirs},
    VOLUME = {8},
      NOTE = {With a preface by Toshio Oshima},
 PUBLISHER = {Mathematical Society of Japan},
   ADDRESS = {Tokyo},
      YEAR = {2000},
     PAGES = {viii+90},
      ISBN = {4-931469-08-6},
   MRCLASS = {33-02 (33C67 43A32)},
  MRNUMBER = {1805058 (2003c:33001)},
MRREVIEWER = {V. Leksin},
}MR1805058



@incollection {Prz98,
    AUTHOR = {Przytycki, J{\'o}zef H.},
     TITLE = {A {$q$}-analogue of the first homology group of a
              {$3$}-manifold},
 BOOKTITLE = {Perspectives on quantization ({S}outh {H}adley, {MA}, 1996)},
    SERIES = {Contemp. Math.},
    VOLUME = {214},
     PAGES = {135--144},
 PUBLISHER = {Amer. Math. Soc.},
   ADDRESS = {Providence, RI},
      YEAR = {1998},
   MRCLASS = {57M25},
  MRNUMBER = {1601241 (98m:57011)},
MRREVIEWER = {Stephen F. Sawin},
}MR1601241


@incollection {PS98,
    AUTHOR = {Przytycki, J{\'o}zef H. and Sikora, Adam S.},
     TITLE = {Skein algebra of a group},
 BOOKTITLE = {Knot theory ({W}arsaw, 1995)},
    SERIES = {Banach Center Publ.},
    VOLUME = {42},
     PAGES = {297--306},
 PUBLISHER = {Polish Acad. Sci.},
   ADDRESS = {Warsaw},
      YEAR = {1998},
   MRCLASS = {57M25 (20C07 57N10)},
  MRNUMBER = {1634463 (99e:57019)},
MRREVIEWER = {Carlo Petronio},
}MR1634463

@article {PS00,
    AUTHOR = {Przytycki, J{\'o}zef H. and Sikora, Adam S.},
     TITLE = {On skein algebras and {${\rm Sl}\sb 2({\bf C})$}-character
              varieties},
   JOURNAL = {Topology},
  FJOURNAL = {Topology. An International Journal of Mathematics},
    VOLUME = {39},
      YEAR = {2000},
    NUMBER = {1},
     PAGES = {115--148},
      ISSN = {0040-9383},
     CODEN = {TPLGAF},
   MRCLASS = {57M27 (57N10)},
  MRNUMBER = {1710996 (2000g:57026)},
MRREVIEWER = {Doug Bullock},
       DOI = {10.1016/S0040-9383(98)00062-7},
       URL = {http://dx.doi.org/10.1016/S0040-9383(98)00062-7},
}MR1710996

@article {RT90,
    AUTHOR = {Reshetikhin, N. Yu. and Turaev, V. G.},
     TITLE = {Ribbon graphs and their invariants derived from quantum
              groups},
   JOURNAL = {Comm. Math. Phys.},
  FJOURNAL = {Communications in Mathematical Physics},
    VOLUME = {127},
      YEAR = {1990},
    NUMBER = {1},
     PAGES = {1--26},
      ISSN = {0010-3616},
     CODEN = {CMPHAY},
   MRCLASS = {57M25 (16W30 17B35)},
  MRNUMBER = {1036112 (91c:57016)},
MRREVIEWER = {Louis H. Kauffman},
       URL = {http://projecteuclid.org/getRecord?id=euclid.cmp/1104180037},
}MR1036112

@article {RT91,
    AUTHOR = {Reshetikhin, N. and Turaev, V. G.},
     TITLE = {Invariants of {$3$}-manifolds via link polynomials and quantum
              groups},
   JOURNAL = {Invent. Math.},
  FJOURNAL = {Inventiones Mathematicae},
    VOLUME = {103},
      YEAR = {1991},
    NUMBER = {3},
     PAGES = {547--597},
      ISSN = {0020-9910},
     CODEN = {INVMBH},
   MRCLASS = {57N10 (17B37 57M25 81R50)},
  MRNUMBER = {1091619 (92b:57024)},
MRREVIEWER = {Louis H. Kauffman},
       DOI = {10.1007/BF01239527},
       URL = {http://dx.doi.org/10.1007/BF01239527},
}MR1091619


@book {Se00,
    AUTHOR = {Serre, Jean-Pierre},
     TITLE = {Local algebra},
    SERIES = {Springer Monographs in Mathematics},
      NOTE = {Translated from the French by CheeWhye Chin and revised by the
              author},
 PUBLISHER = {Springer-Verlag},
   ADDRESS = {Berlin},
      YEAR = {2000},
     PAGES = {xiv+128},
      ISBN = {3-540-66641-9},
   MRCLASS = {13-01 (13D05 13H05 13H15)},
  MRNUMBER = {1771925 (2001b:13001)},
}MR1771925




@article {Sam10,
    AUTHOR = {Samuelson, Peter},
     TITLE = {$\mathbb{Z}_2$-invariants of the Quantum Torus},
   JOURNAL = {private notes},
  FJOURNAL = {private notes},
      YEAR = {2010},
}

@article {Sam06,
    AUTHOR = {Samuelson, Peter},
     TITLE = {On {${\rm CAT}(0)$} structures for free-by-cyclic groups},
   JOURNAL = {Topology Appl.},
  FJOURNAL = {Topology and its Applications},
    VOLUME = {153},
      YEAR = {2006},
    NUMBER = {15},
     PAGES = {2823--2833},
      ISSN = {0166-8641},
     CODEN = {TIAPD9},
   MRCLASS = {20F65 (20F67 57M07)},
  MRNUMBER = {2248386 (2007c:20104)},
MRREVIEWER = {Daniel P. Groves},
       DOI = {10.1016/j.topol.2005.12.002},
       URL = {http://dx.doi.org/10.1016/j.topol.2005.12.002},
}MR2248386


@article {Sal99,
    AUTHOR = {Sallenave, Pierre},
     TITLE = {Structure of the {K}auffman bracket skein algebra of {$T\sp
              2\times I$}},
   JOURNAL = {J. Knot Theory Ramifications},
  FJOURNAL = {Journal of Knot Theory and its Ramifications},
    VOLUME = {8},
      YEAR = {1999},
    NUMBER = {3},
     PAGES = {367--372},
      ISSN = {0218-2165},
   MRCLASS = {57M25},
  MRNUMBER = {1691417 (2000e:57014)},
MRREVIEWER = {Peiyi Zhao},
       DOI = {10.1142/S0218216599000237},
       URL = {http://dx.doi.org/10.1142/S0218216599000237},
}MR1691417



@article {Sik05,
    AUTHOR = {Sikora, Adam S.},
     TITLE = {Skein theory for {${\rm SU}(n)$}-quantum invariants},
   JOURNAL = {Algebr. Geom. Topol.},
  FJOURNAL = {Algebraic \& Geometric Topology},
    VOLUME = {5},
      YEAR = {2005},
     PAGES = {865--897 (electronic)},
      ISSN = {1472-2747},
   MRCLASS = {57M27 (16W35)},
  MRNUMBER = {2171796 (2006j:57033)},
MRREVIEWER = {Shlomo Gelaki},
       DOI = {10.2140/agt.2005.5.865},
       URL = {http://dx.doi.org/10.2140/agt.2005.5.865},
}MR2171796

@article {Sik11,
    AUTHOR = {Sikora, Adam S.},
     TITLE = {Quantizations of Character Varieties and Quantum Knot Invariants},
 JOURNAL = {Alg. and Geom. Topology, to appear},
      YEAR = {2011},
URL = {http://arxiv.org/abs/1010.3779}
}

@article {SW07,
    AUTHOR = {Sikora, Adam S. and Westbury, Bruce W.},
     TITLE = {Confluence theory for graphs},
   JOURNAL = {Algebr. Geom. Topol.},
  FJOURNAL = {Algebraic \& Geometric Topology},
    VOLUME = {7},
      YEAR = {2007},
     PAGES = {439--478},
      ISSN = {1472-2747},
   MRCLASS = {57M15 (05C10 05C30 17B20)},
  MRNUMBER = {2308953 (2008f:57004)},
MRREVIEWER = {S. V. Duzhin},
       DOI = {10.2140/agt.2007.7.439},
       URL = {http://dx.doi.org/10.2140/agt.2007.7.439},
}MR2308953

@article {SL91,
    AUTHOR = {Sjamaar, Reyer and Lerman, Eugene},
     TITLE = {Stratified symplectic spaces and reduction},
   JOURNAL = {Ann. of Math. (2)},
  FJOURNAL = {Annals of Mathematics. Second Series},
    VOLUME = {134},
      YEAR = {1991},
    NUMBER = {2},
     PAGES = {375--422},
      ISSN = {0003-486X},
     CODEN = {ANMAAH},
   MRCLASS = {58F05 (57R15)},
  MRNUMBER = {1127479 (92g:58036)},
MRREVIEWER = {Richard Montgomery},
       DOI = {10.2307/2944350},
       URL = {http://dx.doi.org/10.2307/2944350},
}MR1127479

@article {Sta87,
    AUTHOR = {Stafford, J. T.},
     TITLE = {Endomorphisms of right ideals of the {W}eyl algebra},
   JOURNAL = {Trans. Amer. Math. Soc.},
  FJOURNAL = {Transactions of the American Mathematical Society},
    VOLUME = {299},
      YEAR = {1987},
    NUMBER = {2},
     PAGES = {623--639},
      ISSN = {0002-9947},
     CODEN = {TAMTAM},
   MRCLASS = {16A89 (16A19 16A33 16A65 17B35)},
  MRNUMBER = {MR869225 (88d:16025)},
MRREVIEWER = {L. G. Makar-Limanov},
       DOI = {10.2307/2000517},
       URL = {http://dx.doi.org/10.2307/2000517},
}MR869225

@article {ST54,
    AUTHOR = {Shephard, G. C. and Todd, J. A.},
     TITLE = {Finite unitary reflection groups},
   JOURNAL = {Canadian J. Math.},
  FJOURNAL = {Canadian Journal of Mathematics. Journal Canadien de
              Math\'ematiques},
    VOLUME = {6},
      YEAR = {1954},
     PAGES = {274--304},
      ISSN = {0008-414X},
   MRCLASS = {20.0X},
  MRNUMBER = {0059914 (15,600b)},
MRREVIEWER = {H. S. M. Coxeter},
}MR0059914
		
@article {Che55,
    AUTHOR = {Chevalley, Claude},
     TITLE = {Invariants of finite groups generated by reflections},
   JOURNAL = {Amer. J. Math.},
  FJOURNAL = {American Journal of Mathematics},
    VOLUME = {77},
      YEAR = {1955},
     PAGES = {778--782},
      ISSN = {0002-9327},
   MRCLASS = {20.0X},
  MRNUMBER = {0072877 (17,345d)},
MRREVIEWER = {J. Dieudonn{\'e}},
}MR0072877
		
@article {CE74,
    AUTHOR = {Clark, Allan and Ewing, John},
     TITLE = {The realization of polynomial algebras as cohomology rings},
   JOURNAL = {Pacific J. Math.},
  FJOURNAL = {Pacific Journal of Mathematics},
    VOLUME = {50},
      YEAR = {1974},
     PAGES = {425--434},
      ISSN = {0030-8730},
   MRCLASS = {55B35 (55D20)},
  MRNUMBER = {0367979 (51 \#4221)},
MRREVIEWER = {A. Liulevicius},
}MR0367979

@article {Sm85,
    AUTHOR = {Smith, Larry},
     TITLE = {On the invariant theory of finite pseudoreflection groups},
   JOURNAL = {Arch. Math. (Basel)},
  FJOURNAL = {Archiv der Mathematik},
    VOLUME = {44},
      YEAR = {1985},
    NUMBER = {3},
     PAGES = {225--228},
      ISSN = {0003-889X},
     CODEN = {ACVMAL},
   MRCLASS = {20C99 (20H15)},
  MRNUMBER = {784089 (87b:20018)},
MRREVIEWER = {C. B. Thomas},
       DOI = {10.1007/BF01237854},
       URL = {http://dx.doi.org/10.1007/BF01237854},
}MR784089


@incollection {Sab93,
    AUTHOR = {Sabbah, Claude},
     TITLE = {Syst\`emes holonomes d'\'equations aux {$q$}-diff\'erences},
 BOOKTITLE = {{$D$}-modules and microlocal geometry ({L}isbon, 1990)},
     PAGES = {125--147},
 PUBLISHER = {de Gruyter},
   ADDRESS = {Berlin},
      YEAR = {1993},
   MRCLASS = {33D60 (32C38 39A10)},
  MRNUMBER = {1206016 (94g:33018)},
}MR1206016

@article {TWZ07,
    AUTHOR = {Tang, Xiang and Weinstein, Alan and Zhu, Chenchang},
     TITLE = {Hopfish algebras},
   JOURNAL = {Pacific J. Math.},
  FJOURNAL = {Pacific Journal of Mathematics},
    VOLUME = {231},
      YEAR = {2007},
    NUMBER = {1},
     PAGES = {193--216},
      ISSN = {0030-8730},
     CODEN = {PJMAAI},
   MRCLASS = {16W30},
  MRNUMBER = {2304628 (2008c:16057)},
MRREVIEWER = {Juan Martin Mombelli},
       DOI = {10.2140/pjm.2007.231.193},
       URL = {http://dx.doi.org/10.2140/pjm.2007.231.193},
}MR2304628


@book {Tur94,
    AUTHOR = {Turaev, V. G.},
     TITLE = {Quantum invariants of knots and 3-manifolds},
    SERIES = {de Gruyter Studies in Mathematics},
    VOLUME = {18},
 PUBLISHER = {Walter de Gruyter \& Co.},
   ADDRESS = {Berlin},
      YEAR = {1994},
     PAGES = {x+588},
      ISBN = {3-11-013704-6},
   MRCLASS = {57M25 (16W30 17B37 57N10 81R50)},
  MRNUMBER = {1292673 (95k:57014)},
MRREVIEWER = {Louis H. Kauffman},
}MR1292673

@article {Ve94,
    AUTHOR = {Veselov, A. P.},
     TITLE = {Calogero quantum problem, {K}nizhnik-{Z}amolodchikov equation
              and {H}uygens principle},
   JOURNAL = {Teoret. Mat. Fiz.},
  FJOURNAL = {Rossi\u\i skaya Akademiya Nauk. Teoreticheskaya i
              Matematicheskaya Fizika},
    VOLUME = {98},
      YEAR = {1994},
    NUMBER = {3},
     PAGES = {524--535},
      ISSN = {0564-6162},
   MRCLASS = {58F19 (32G34 39A70 81Q05)},
  MRNUMBER = {1304748 (96c:58135)},
MRREVIEWER = {V. A. Golubeva},
       DOI = {10.1007/BF01102214},
       URL = {http://dx.doi.org/10.1007/BF01102214},
}MR1304748
		



@article {Wil98,
    AUTHOR = {Wilson, George},
     TITLE = {Collisions of {C}alogero-{M}oser particles and an adelic
              {G}rassmannian},
      NOTE = {With an appendix by I. G. Macdonald},
   JOURNAL = {Invent. Math.},
  FJOURNAL = {Inventiones Mathematicae},
    VOLUME = {133},
      YEAR = {1998},
    NUMBER = {1},
     PAGES = {1--41},
      ISSN = {0020-9910},
     CODEN = {INVMBH},
   MRCLASS = {58F07 (05E05 14C05 22E67 58B25)},
  MRNUMBER = {1626461 (99f:58107)},
MRREVIEWER = {Emma Previato},
       DOI = {10.1007/s002220050237},
       URL = {http://dx.doi.org/10.1007/s002220050237},
}MR1626461



@article {Wal68,
    AUTHOR = {Waldhausen, Friedhelm},
     TITLE = {On irreducible {$3$}-manifolds which are sufficiently large},
   JOURNAL = {Ann. of Math. (2)},
  FJOURNAL = {Annals of Mathematics. Second Series},
    VOLUME = {87},
      YEAR = {1968},
     PAGES = {56--88},
      ISSN = {0003-486X},
   MRCLASS = {57.05},
  MRNUMBER = {0224099 (36 \#7146)},
MRREVIEWER = {W. Haken},
}MR0224099

@article {Web70,
    AUTHOR = {Webber, D. B.},
     TITLE = {Ideals and modules of simple {N}oetherian hereditary rings},
   JOURNAL = {J. Algebra},
  FJOURNAL = {Journal of Algebra},
    VOLUME = {16},
      YEAR = {1970},
     PAGES = {239--242},
      ISSN = {0021-8693},
   MRCLASS = {16.25},
  MRNUMBER = {0265395 (42 \#305)},
MRREVIEWER = {E.-A. Behrens},
}MR0265395





